4960 6110
1213 557 1258 624 10

765 764 773 786 ‹
817 765 822 786 ,
921 769 929 792 ,
980 765 985 788 .
1058 770 1066 791 .
1132 772 1138 794 ,
1279 774 1284 786 .
1338 770 1345 790 .
1381 770 1394 792 ‚.

777 777 868 858 Prprp
883 765 976 852 deget
989 791 1027 858 ης
1049 774 1251 840 succedisset
1276 795 1364 863 repes
1396 783 1518 864 lorpes,

760 867 898 964 Ἴστρος,
924 873 957 946 ἐς
980 870 1129 964 ἅντολίην
1151 871 1369 967 τετραμμένος
1393 871 1644 965 α’γχιένολάοοης

771 971 935 1058 Εὐξείνου,
959 973 1036 1046 ro'de
1059 983 1168 1047 πᾶσαν
1192 976 1358 1070 ἐρεύγεται
1380 974 1501 1055 ὕδατος
1524 978 1631 1070 ἄχνην.

768 1076 996 1170 Πεντοοτόοονς
1019 1087 1199 1172 προχοῇσιν
1223 1081 1432 1168 ἑλισσόμενος
1454 1088 1530 1174 περὶ
1555 1079 1696 1172 Iletiaqc.

772 1187 839 1249 Τοῦ
859 1185 918 1266 μὲν
940 1181 1024 1274 πρὸς
1045 1187 1164 1275 βορέην
1185 1189 1403 1274 reseruandos
1426 1192 1517 1278 spritu
1540 1190 1686 1272 νέμονται

769 1394 930 1479 Γερμανοὶ
956 1386 1107 1475 §aperires
1130 1419 1165 1460 cs
1190 1401 1219 1461 Γ
1219 1394 1286 1460 drea
1313 1389 1418 1478 θ’ἅμα
1446 1390 1627 1480 Bourdonos
1652 1421 1707 1474 aa,

404 1493 468 1557 Sed
499 1493 615 1556 etalio
644 1493 705 1555 huc
733 1493 904 1576 accedunt3
936 1498 1050 1559 multas
1084 1499 1168 1560 enim
1202 1505 1234 1560 et
1256 1499 1334 1562 alias
1358 1499 1588 1563 Germanorum
1611 1507 1721 1584 gentes
1745 1501 1777 1563 in
1800 1500 1991 1565 Mithridatis
2027 1501 2170 1564 exercItu

300 1597 457 1686 stipendia
479 1599 590 1662 fecisse
613 1605 644 1660 et
667 1600 773 1682 magni
805 1599 903 1662 fuisse
925 1601 1074 1663 momenti
1107 1599 1149 1664 ad
1178 1607 1324 1688 suscepta
1355 1603 1547 1688 consiliaque
1576 1603 1660 1688 regis
1690 1625 1840 1689 prospere
1871 1605 2010 1690 gerenda
2032 1605 2170 1689 probant

301 1703 391 1769 multi
413 1703 582 1786 scriptores
606 1700 645 1762 ef.
668 1701 768 1764 lustin
790 1700 983 1784 XXXVIII,
1008 1703 1037 1784 3,
1061 1705 1096 1766 6:
1127 1710 1199 1782 pest
1221 1704 1299 1768 haec
1321 1703 1523 1768 Mithridates
1553 1707 1711 1770 intellecto
1741 1711 1894 1793 quantum
1915 1708 2036 1772 bellum
2065 1708 2168 1771 susci-

301 1814 379 1889 tant,
402 1807 524 1890 legates
547 1803 588 1867 ad
610 1803 764 1884 Cimbros,
786 1803 863 1866 alios
894 1803 934 1866 ad
958 1803 1181 1891 Gallograecos
1213 1813 1243 1870 et
1266 1805 1427 1871 Sarmatas
1450 1808 1684 1895 Bastarnasque
1705 1813 1769 1893 5³4,
1807 1813 1844 1879 5:
1876 1811 1968 1874 simul
1991 1817 2023 1874 et
2046 1832 2065 1874 a
2088 1811 2168 1875 Cer,

301 1911 406 1974 mania
428 1907 570 1971 Cimbros
593 1907 745 1970 immensa
766 1907 854 1970 milia
875 1907 1015 1972 ferorum
1037 1917 1131 1996 atque
1153 1911 1318 1974 immitium
1340 1913 1528 1996 populorum
1549 1934 1637 1976 more
1656 1915 1815 1998 procellae
1838 1913 2006 1978 inundasse
2029 1915 2166 1978 Italiam.

406 2011 511 2085 Quare
523 2012 577 2073 vin
590 2008 676 2073 aliud
687 2011 875 2094 relinquitur
891 2031 984 2095 quam
1000 2017 1036 2073 ut
1059 2011 1242 2076 Sallustium
1263 2014 1310 2077 illi
1329 2015 1432 2100 operis
1455 2017 1538 2100 parti
1553 2009 1744 2098 accuratam,
1767 2036 1848 2101 quae
1871 2015 1913 2079 ad
1935 2017 2167 2082 Germanorum

302 2135 404 2178 mores
427 2115 607 2198 cultumque
629 2113 803 2197 spectabat,
827 2113 1055 2199 digressionem
1076 2117 1244 2180 inseruisse
1267 2123 1451 2181 statuamus.
1477 2157 1516 2164 -

405 2216 473 2281 Iam
495 2238 570 2281 vero
593 2215 679 2280 aliud
701 2237 824 2302 quoque
847 2216 1060 2302 fragmentum
1083 2217 1124 2282 ud
1146 2219 1282 2283 eundem
1304 2221 1398 2284 situm
1420 2222 1587 2286 Ponticum
1616 2222 1773 2306 respicere
1795 2221 1930 2304 ridetur,
1957 2223 2045 2286 euius
2068 2223 2167 2288 verba

303 2325 429 2384 exstant
444 2319 529 2408 apud
543 2319 795 2404 Porphyrionem
810 2319 851 2382 ad
868 2319 947 2383 Hor.
965 2319 1069 2384 Carm.
1086 2321 1144 2403 HI,
1162 2325 1213 2404 24,
1237 2325 1267 2404 9,
1291 2322 1389 2407 (Hist.
1406 2324 1465 2406 III,
1490 2327 1544 2406 47)
1565 2324 1722 2410 „Scythae
1744 2324 1775 2387 N
1777 2324 1905 2388 omades
1919 2331 2037 2406 tenent,
2053 2327 2167 2412 quibus

302 2425 443 2509 plaustra
466 2423 556 2486 sedes
579 2429 665 2485 sunt:

408 2526 567 2611 Scythiae,
599 2546 680 2612 quae
716 2526 866 2589 latissime
895 2525 1025 2610 patebat
1058 2547 1160 2612 neque
1183 2528 1276 2591 certis
1300 2528 1414 2591 tinibus
1449 2534 1517 2592 erat
1546 2529 1792 2614 circunscripta,
1827 2551 1897 2594 eam
1928 2530 2020 2594 modo
2044 2537 2166 2616 partem

304 2627 470 2694 Sallustius
493 2629 687 2692 intellexisse
718 2628 852 2710 videtur,
883 2649 964 2714 quae
995 2629 1068 2693 inde
1103 2651 1122 2693 a
1156 2629 1272 2716 palude
1295 2631 1454 2694 Maeotide
1487 2639 1519 2695 et
1541 2632 1641 2696 Tanai
1671 2634 1798 2696 tlumine
1826 2633 1868 2696 ad
1896 2654 1984 2698 mare
2015 2633 2167 2720 Caspium

304 2753 415 2796 versus
439 2737 470 2794 et
494 2731 567 2794 Rha
589 2733 705 2794 flumen
729 2732 971 2817 porrigebatur;
994 2754 1068 2796 nam
1092 2754 1172 2818 quae
1195 2733 1236 2796 ad
1258 2736 1442 2798 remotiores
1465 2736 1610 2820 regiones
1633 2735 1829 2820 spectabant,
1854 2739 1886 2800 in
1909 2737 2003 2800 Ponti
2027 2736 2166 2822 descrip-

304 2838 388 2900 tione
412 2855 475 2898 non
497 2840 653 2920 poterant,
686 2836 747 2898 nisi
769 2835 849 2898 forte
877 2836 988 2918 obiter,
1022 2837 1270 2900 commemorari.
1316 2835 1365 2900 De
1389 2836 1515 2922 Scythis
1546 2837 1742 2901 Nomadihus
1775 2839 1815 2903 cf.
1839 2838 1998 2904 Ammian.
2020 2839 2165 2904 Marcell.

303 2939 414 3004 XXII.
448 2939 477 3001 8.
508 2959 540 3023 p.
574 2940 646 3002 317.
669 2939 785 3002 Voles:
820 2939 858 3002 In
888 2939 992 3002 medio
1024 2941 1125 3024 spatio
1159 2961 1251 3003 arcus
1285 2943 1342 3020 (sc.
1367 2940 1480 3026 Ponti]
1512 2940 1671 3026 Europaei
1704 2947 1777 3004 sunt
1799 2940 1897 3006 Alani
1919 2949 1951 3005 et
1973 2941 2166 3006 Costeberae

304 3051 476 3129 gentesque
496 3041 685 3127 Scytharum
706 3045 890 3108 innumerae
915 3093 921 3107 .
947 3093 954 3107 .
979 3093 986 3107 .
1012 3093 1019 3107 .
1045 3067 1052 3126 ;
1078 3045 1184 3130 eisque
1210 3046 1356 3108 caritates
1381 3050 1412 3106 et
1435 3043 1616 3106 habitacula
1631 3045 1770 3128 vilesque
1787 3045 1996 3129 supellectiles
2019 3045 2167 3130 plaustris

302 3148 467 3233 impositae
507 3151 579 3208 sunt
610 3147 778 3210 corticibus
808 3149 908 3211 tectis.
942 3147 1053 3230 Iustin,
1084 3147 1126 3230 H,
1161 3149 1186 3229 I,
1219 3151 1255 3211 4:
1292 3147 1428 3232 Scythae
1459 3167 1574 3210 uxores
1603 3147 1782 3233 liberosque
1813 3167 1920 3212 secum
1951 3149 1985 3210 in
2020 3147 2167 3232 plaustris

304 3252 431 3333 vehunt,
457 3249 579 3335 quibus,
604 3250 696 3312 coriis
720 3249 867 3312 imbrium
890 3249 1065 3336 hiemisque
1090 3271 1201 3314 caussa
1223 3251 1323 3332 tectis,
1347 3271 1404 3335 pro
1429 3249 1572 3313 domibus
1596 3255 1734 3314 utuntur.

407 3353 477 3416 Iarn
499 3351 532 3416 in
555 3351 667 3414 eadem
689 3351 903 3416 HistorIarum
924 3359 1026 3437 parte,
1059 3374 1154 3439 quam
1187 3354 1282 3416 situm
1309 3354 1471 3446 ponticum
1493 3354 1691 3437 grammatici
1713 3353 1853 3436 laudant,
1882 3359 1913 3418 et
1937 3352 2168 3418 Germanorum

303 3463 335 3520 et
356 3456 546 3541 Scytharum
574 3455 766 3519 mentionem
789 3455 900 3520 fecisse
924 3455 1107 3520 Sallustium
1132 3457 1370 3542 comprobatum
1387 3461 1450 3540 est3
1468 3459 1645 3520 accuratius
1660 3458 1825 3543 inspicere,
1846 3478 1925 3520 num
1953 3455 1992 3519 de
2013 3455 2167 3520 Getarum

303 3580 425 3645 quoque
448 3565 552 3644 gente,
578 3579 673 3644 quarn
695 3557 847 3622 Horatius
869 3562 1008 3623 carmIne
1042 3560 1099 3640 III,
1124 3562 1176 3640 24,
1200 3560 1243 3641 II,
1266 3558 1402 3643 rigidam
1424 3565 1527 3640 vocat,
1562 3558 1727 3622 tradiderit
1749 3565 1868 3641 auctor,
1892 3579 2007 3644 operae
2030 3559 2168 3643 pretium

304 3661 428 3725 videtur
453 3682 532 3724 esse.

411 3765 448 3828 ln
479 3763 615 3827 seeundo
637 3761 852 3826 Historiarum
882 3761 962 3827 libro
992 3771 1102 3826 narrat
1125 3762 1292 3827 Sallustius
1322 3763 1362 3827 de
1396 3765 1488 3828 bellis
1520 3763 1736 3828 Romanorum
1769 3784 1840 3826 cum
1862 3763 2017 3827 Thraciae
2041 3765 2166 3849 populis

304 3871 410 3954 gestis,
434 3867 473 3931 de
497 3889 557 3952 quo
580 3866 664 3930 bello
688 3865 817 3929 Orosius
840 3865 881 3948 V,
898 3867 939 3928 23
963 3865 1170 3929 conferendus
1193 3873 1249 3929 est.
1288 3867 1335 3931 Eo
1357 3873 1510 3954 tempore,
1534 3889 1595 3953 quo
1611 3867 1749 3930 Romani
1773 3867 1900 3930 tertirun
1922 3866 2041 3930 bellum
2057 3871 2168 3930 contra

304 3971 444 4036 Mithrid.
478 3991 587 4056 regem
623 3970 784 4054 gerebant,
816 3969 941 4054 Appius
965 3967 1125 4052 Claudius,
1160 3971 1213 4055 qui
1237 3991 1318 4033 anno
1343 3973 1393 4034 78.
1425 3993 1454 4034 a.
1478 3971 1552 4034 Chr.
1576 3969 1799 4034 Macedoniam
1822 3971 2017 4054 provinciam
2040 3971 2167 4034 sortitus

306 4085 385 4157 erat,
415 4075 536 4138 duobus
570 4073 659 4136 annis
691 4078 761 4157 post
793 4077 934 4134 mortuus
964 4093 1178 4136 successorem
1200 4073 1310 4136 habuit
1346 4073 1544 4137 Scribonium
1567 4073 1747 4136 Curionem.
1794 4073 1826 4136 Is
1849 4094 1945 4157 quum
1968 4094 2049 4136 anno
2074 4075 2114 4136 75
2138 4093 2165 4136 a.

305 4177 379 4243 Chr.
405 4178 577 4263 „principio
598 4176 681 4238 veris
704 4195 776 4238 eum
798 4177 883 4238 omni
903 4177 1065 4239 exercitu“
1090 4175 1179 4260 (Sall.
1204 4176 1264 4261 frg.
1289 4177 1331 4257 II,
1356 4175 1410 4263 41)
1434 4177 1466 4240 in
1484 4175 1681 4240 Dardaniam
1704 4175 1843 4257 abiisset,
1867 4182 1977 4240 contra
1999 4175 2168 4240 Dardanos

305 4287 337 4345 et
359 4279 547 4344 Macedones
570 4279 689 4342 bellum
712 4279 807 4362 gessit
844 4285 875 4342 et
904 4280 1022 4364 primns
1045 4279 1261 4342 Romanorum
1291 4279 1333 4342 ad
1355 4277 1538 4342 Danubium
1569 4299 1666 4364 usque
1689 4279 1833 4363 pervenit
1865 4279 1904 4342 cf.
1928 4279 2032 4342 Rusus
2055 4277 2113 4359 Vl,
2136 4281 2167 4341 2.

306 4385 433 4450 Marcus
455 4383 621 4447 Terentius
650 4381 754 4445 Varro
777 4381 939 4462 Lucullus,
972 4383 1022 4468 qui
1055 4381 1183 4446 Curioni
1217 4385 1248 4446 iu
1282 4382 1469 4446 Macedonia
1499 4388 1694 4446 successerat
1725 4379 1814 4466 (Sall.
1847 4380 1884 4442 fr.
1915 4379 1957 4461 H,
1981 4382 2036 4462 41)
2059 4379 2168 4444 Bessis

305 4489 409 4552 intulit
431 4487 550 4550 bellum
572 4494 667 4570 atque
690 4505 742 4548 eos
765 4485 884 4569 ingenti
907 4487 1025 4572 proelio
1048 4487 1080 4550 ia
1094 4485 1218 4549 Haemo
1241 4492 1346 4550 monte
1369 4485 1452 4549 facto
1474 4487 1644 4570 superavit,
1668 4483 1820 4570 oppidum
1833 4479 2058 4564 Uscudamam,
2083 4481 2169 4568 quod

305 4591 396 4654 Bessi
427 4588 623 4668 habitabant,
658 4587 769 4650 eodem
790 4587 852 4668 die,
890 4609 951 4672 quo
975 4609 1144 4673 aggressus
1168 4597 1224 4670 est,
1264 4591 1355 4676 cepit,
1380 4588 1523 4673 Cabylen
1547 4589 1722 4674 occupavit,
1745 4605 1844 4670 usque
1868 4585 2050 4650 Danubium
2072 4603 2168 4671 penc-

305 4695 410 4758 travit.
455 4691 533 4756 Inde
562 4691 676 4755 multas
700 4691 842 4753 civitates
864 4711 961 4775 supra
982 4691 1118 4754 Pontum
1141 4693 1217 4755 sitas
1240 4713 1408 4776 aggressus
1432 4698 1479 4754 est
1509 4693 1683 4776 evertitque
1706 4689 1770 4752 illic
1793 4689 2004 4774 Apolloniam,
2036 4709 2077 4751 ex
2101 4707 2167 4772 qua

306 4797 385 4861 urbe
407 4801 544 4859 statuam
567 4795 654 4859 illam
677 4793 892 4875 clarissimam,
916 4813 996 4878 quae
1020 4793 1157 4858 Calamis
1181 4801 1250 4857 erat
1272 4815 1360 4879 opus,
1384 4793 1520 4860 Romam
1544 4794 1621 4857 t'erri
1644 4793 1744 4856 iussit.

414 4901 451 4963 ln
473 4899 538 4963 illis
560 4897 655 4962 rebus
679 4895 892 4961 describendis
904 4893 1089 4960 Sallustium
1111 4896 1150 4959 de
1166 4895 1321 4960 Getarum
1342 4917 1466 4982 quoque
1488 4897 1604 4983 populo
1622 4895 1817 4976 disseruisse,
1841 4897 1874 4959 in
1890 4913 2024 4980 quorum
2037 4891 2169 4957 sedibus

305 5007 380 5066 tunc
403 5001 674 5066 contrabarbaros
691 5020 711 5062 a
730 4997 884 5064 Romanis
906 4999 1117 5085 pugnabatur,
1133 4998 1326 5064 affirmatum
1348 5005 1396 5062 est
1417 5001 1506 5064 nobis
1529 4999 1670 5064 aServio
1693 4999 1734 5062 ad
1756 4999 1854 5082 Verg.
1879 4997 1959 5060 Aen.
1983 4995 2057 5078 VII,
2081 4999 2162 5078 604;

310 5106 394 5187 ,sive
417 5105 506 5170 Cetis
530 5105 647 5169 inferre
662 5123 758 5168 manu
773 5103 967 5168 lacrimabile
991 5103 1130 5184 bellum;
1152 5101 1208 5166 ubi
1229 5103 1308 5166 haee
1321 5101 1427 5166 affert:
1453 5103 1607 5166 Getarum
1628 5103 1698 5164 fera
1713 5121 1789 5185 gens
1812 5101 1908 5164 etiam
1923 5099 2007 5184 apud
2029 5103 2167 5166 maiores

307 5209 375 5272 luit.
421 5206 505 5270 Nam
527 5209 587 5292 ipsi
609 5213 682 5272 sunt
713 5206 807 5292 Mysi,
830 5227 908 5292 quos
931 5205 1098 5270 Sallustius
1120 5225 1140 5268 a
1161 5205 1295 5270 Lucullo
1318 5206 1394 5269 dicit
1417 5211 1580 5292 superatos
1603 5223 1681 5267 esse.
1700 5205 1724 5286 ¹)

412 5355 441 5418 1)
476 5352 631 5404 udllsnhot
647 5353 751 5418 (urttlcl
772 5350 885 5416 „Celso”
905 5349 931 5407 ln
950 5357 993 5406 brt
1010 5351 1204 5418 assuritana
1223 5363 1272 5406 tos
1290 5352 1375 5404 Ersch
1393 5351 1444 5406 unt
1463 5350 1577 5404 Gruter.
1616 5349 1682 5414 Cute
1703 5347 1820 5404 arctina
1839 5349 1873 5404 64
1893 5347 1951 5417 hul.
1970 5365 1996 5416 p.
2015 5347 2087 5413 468.)
