4960 6110
1166 656 1320 764 —¹3.·-

248 913 253 918 ·
315 877 696 960 man01·urn;v1,23a
720 877 829 940 Germ.
853 877 890 940 21
918 874 957 938 de
980 873 1175 938 convictibus
1198 876 1230 934 et
1251 869 1409 954 hospitiis;
1439 869 1496 950 iv,
1523 873 1536 932 l
1563 891 1633 932 cum
1657 869 1763 932 Germ.
1787 873 1828 932 23
1852 869 1891 933 de
1914 869 2001 949 cibo;
2025 869 2082 951 lV,
2108 873 2122 933 l
2148 891 2175 933 c.

317 983 358 1046 26
381 980 421 1044 de
443 982 658 1066 agricultura3
683 980 739 1062 IV,
767 984 780 1042 1
808 1000 834 1042 c.
858 981 899 1042 39
923 978 962 1042 de
985 983 1111 1042 centum
1138 977 1229 1062 pagis
1252 974 1437 1038 Sueborum.
1483 974 1592 1038 Verba
1615 977 1830 1038 consentiunt:

689 1142 817 1240 Caesar.

317 1265 374 1346 VI,
393 1265 450 1328 17:
474 1263 598 1327 Deum
613 1261 1194 1328 maxinrehlereuriumcolunt

318 1367 376 1448 VI,
402 1371 458 1436 la:
483 1367 593 1452 Spatia
626 1368 726 1429 omnis
759 1367 908 1450 temporis
930 1387 1007 1430 non
1033 1384 1193 1429 numero

403 1470 557 1534 dierum
580 1468 649 1532 sed
680 1469 861 1532 noctium
894 1468 1071 1550 liniunt,
1096 1505 1136 1514 -
1159 1473 1194 1529 ut

403 1579 564 1637 noctem
587 1571 673 1636 dies
696 1571 972 1658 subsequatur

625 2001 707 2064 Plin.
731 2001 802 2064 hist.
825 2007 889 2064 nat.

317 2124 374 2206 IV,
397 2127 455 2188 24:
480 2125 577 2186 Ortus
599 2123 649 2186 hic
673 2124 704 2186 in
720 2122 893 2186 Germania
914 2122 1023 2207 iugis
1046 2123 1193 2186 montis

404 2227 601 2291 Abnobae
636 2263 676 2272 —
713 2245 770 2310 per
807 2226 1046 2290 innumeras
1084 2228 1191 2312 lapsus

403 2338 547 2416 gentes
578 2329 757 2392 Danuvii
794 2330 920 2392 nomino
950 2331 990 2393 in
1020 2331 1192 2394 Pontum

404 2437 502 2498 vastis
524 2453 597 2496 sex
620 2433 799 2496 fluminibus
822 2432 986 2496 evolvitur.

315 2565 373 2646 lv,
397 2567 455 2628 31:
490 2563 637 2628 Rhenum
659 2567 765 2626 autem
797 2562 977 2628 adcolentcs
1001 2564 1191 2628 Germaniae

402 2669 542 2752 gentium
564 2669 596 2730 in
619 2667 730 2731 eadem
754 2669 915 2752 provincia
937 2668 1097 2748 Nemetes,
1121 2668 1190 2732 Tri-

402 2771 482 2852 boci,
505 2771 698 2855 Vangiones,
722 2771 794 2834 hinc
817 2770 903 2852 Ubii,
929 2772 1051 2836 colonia
1072 2773 1191 2858 Agrip·

402 2895 551 2962 pmensrs.
670 2897 672 2905 ’

315 3099 491 3180 XXXVII,
515 3099 561 3162 ll:
592 3099 721 3161 Certum
745 3103 791 3161 est
825 3099 912 3182 gigni
935 3101 967 3162 in
989 3099 1098 3163 insulis
1121 3119 1192 3184 sep-

401 3205 597 3268 tentrionalis
613 3207 722 3266 oceani
738 3207 770 3263 et
785 3221 804 3264 a
820 3201 1028 3266 Germanis
1051 3221 1154 3287 appe
1165 3204 1190 3266 l·

401 3308 481 3370 lari
506 3307 674 3390 glesum.
710 3341 751 3350 —
785 3305 934 3368 Nascitur
966 3313 1072 3370 autem
1095 3305 1192 3370 deflu-

403 3417 475 3473 ente
497 3408 637 3472 medulla
651 3409 737 3492 pinei
761 3411 885 3492 generis
905 3407 1071 3473 arboribus
1093 3419 1128 3473 ut
1151 3449 1192 3457 -

402 3518 540 3577 resina
574 3514 666 3598 pinis
701 3511 847 3596 Erumpit
880 3511 1061 3576 humoris
1095 3513 1193 3577 abun·

400 3617 518 3682 dantia.
538 3655 578 3664 -
594 3617 676 3680 Cum
699 3619 909 3678 intumescens
929 3621 1068 3678 aestus
1088 3619 1195 3701 rapuit

403 3741 444 3784 ex
468 3722 589 3800 insulis,
613 3719 752 3782 certein
775 3719 921 3782 littora
943 3720 1193 3804 expellitur,

405 3828 451 3887 ita
473 3823 610 3890 volubile
633 3827 668 3884 ut
690 3820 829 3906 pendere
844 3820 989 3886 videatur
1010 3831 1104 3908 atque
1122 3845 1193 3889 con·

404 3927 507 3991 sidere
530 3928 568 3989 in
591 3925 712 4005 vado,
736 3924 819 4009 quod
843 3923 1003 3988 arboris
1027 3947 1193 3993 succum

404 4051 473 4093 csse
496 4032 591 4116 prisci
619 4031 718 4092 nostri
743 4026 916 4108 credidere,
950 4027 990 4091 ob
1013 4028 1046 4092 id
1069 4033 1194 4095 succi-

404 4155 492 4197 num
524 4135 732 4218 appellantes.
779 4131 897 4195 l‘ineae
934 4139 1039 4196 autern
1072 4135 1194 4199 arboris

403 4255 472 4300 esse
494 4235 610 4300 indicio
633 4242 681 4298 est
704 4234 816 4319 pineus
840 4239 872 4299 in
894 4239 1003 4300 attritu
1026 4237 1140 4319 odor,
1163 4245 1194 4302 et

405 4335 488 4422 quod
522 4356 740 4402 accensum
773 4339 922 4404 taedae
951 4340 1065 4404 modo
1087 4361 1124 4404 ac
1146 4344 1194 4404 ni-

405 4439 480 4504 dore
502 4441 627 4526 flagret.
650 4443 886 4508 -Archelaus
906 4481 942 4493 -
960 4443 1057 4507 tradit
1080 4443 1193 4509 advehi

401 4541 511 4608 rude.
529 4583 569 4592 -
589 4546 805 4632 Liquidum
827 4549 929 4634 primo
952 4547 1122 4628 destillare,
1145 4569 1194 4612 ar-

405 4653 553 4729 gumento
577 4651 864 4734 suntquoedam
886 4652 1001 4714 intus
1017 4651 1196 4714 translu-

405 4755 553 4832 centia,
577 4759 611 4814 ut
643 4753 841 4817 formicae
871 4761 926 4816 ant
957 4754 1117 4817 culices
1145 4754 1196 4817 la-

405 4860 638 4940 certosque,
673 4877 751 4940 quas
785 4855 967 4921 adhaesisse
989 4865 1111 4922 musteo
1133 4879 1196 4922 non

405 4963 453 5020 est
475 4955 606 5022 dubium
629 4963 660 5022 et
680 4960 862 5022 inclusas
893 4959 1194 5026 indurescenti.

320 5175 628 5186 -————

427 5319 449 5386 ¹)
469 5321 537 5376 uun.
554 5319 578 5382 1,
596 5322 637 5378 aa
656 5319 736 5392 xm,
755 5323 803 5384 aa
822 5324 880 5388 xv,
898 5324 946 5390 ⁵³³
963 5325 1034 5378 nra.
1055 5322 1109 5394 111,
1124 5325 1166 5380 ss.

1670 1137 1807 1202 Tacitus.

1297 1257 2175 1322 ab:Deorummaximehlercuriunrcolunt.

1296 1381 1323 1424 c.
1350 1364 1410 1424 11:
1434 1362 1519 1424 Nec
1543 1362 1938 1440 dierumnumernm,
1962 1367 1996 1422 ut
2016 1381 2081 1442 nos,
2107 1360 2177 1424 sed

1382 1467 1564 1528 noctium
1602 1473 1794 1550 computant.
1833 1503 1873 1511 —
1908 1463 1997 1526 Nox
2030 1463 2177 1526 ducere

1384 1566 1493 1630 diem
1516 1567 1696 1632 videtur.

1296 1669 1440 1734 Eundem
1470 1671 1582 1754 Plinio,
1606 1673 1865 1737 Germanicorum
1888 1673 2042 1736 bellorum
2079 1671 2176 1754 scrip-

1383 1775 1481 1856 tori,¹)
1515 1797 1605 1839 usum
1629 1797 1697 1840 csse
1721 1775 1935 1840 demonstrare
1958 1775 2081 1840 videtur
2104 1794 2177 1838 con-

1382 1879 1494 1942 sensio.

1621 2001 1711 2066 'lecit
1746 2001 1853 2064 Germ.

1297 2140 1323 2182 c.
1351 2123 1383 2184 l:
1409 2121 1620 2186 Danuvius
1636 2125 1722 2187 molli
1745 2129 1777 2187 et
1792 2124 1962 2186 clementer
1974 2119 2057 2182 edito
2074 2139 2132 2182 mo
2143 2139 2177 2180 n·

1384 2227 1437 2288 tis
1460 2226 1657 2290 Abnobae
1681 2229 1776 2312 iugo
1808 2227 1926 2290 effusus
1950 2226 2091 2310 plures
2114 2245 2177 2308 po·

1384 2331 1502 2414 pulos
1525 2331 1600 2411 adit,
1637 2329 1735 2394 donec
1759 2332 1797 2394 in
1831 2330 2044 2393 Ponticum
2068 2346 2177 2390 mare

1293 2472 1299 2482 ·
1384 2455 1456 2496 sex
1479 2435 1634 2498 meatibus
1657 2441 1813 2518 erumpat.

1298 2563 1357 2625 28:
1381 2562 1487 2646 Ipsam
1508 2563 1614 2626 Rheni
1644 2565 1746 2648 ripam
1769 2561 1854 2626 haud
1886 2561 1981 2624 dubie
2004 2559 2176 2624 Germano-

1383 2685 1453 2728 rum
1494 2667 1601 2750 populi
1646 2667 1752 2729 colunt
1788 2665 1992 2751 Vangiones,
2038 2663 2175 2744 Triboci,

1383 2768 1553 2850 Nemetes3
1598 2789 1639 2833 ne
1675 2771 1751 2835 Ubii
1789 2769 1939 2856 quidem,
1986 2789 2177 2854 quamquam

1384 2871 1530 2935 llomana
1552 2875 1673 2937 colonio
1696 2895 1765 2938 esse
1781 2875 1952 2937 meruerint
1975 2893 2013 2936 ac
2027 2871 2180 2934 libentius·

1385 2973 1644 3060 Agrippinenses.
1671 3015 1710 3024 —

1298 3097 1356 3158 45:
1391 3094 1454 3158 Sed
1486 3103 1517 3160 et
1549 3119 1635 3162 mare
1668 3105 1847 3163 scrutantur
1877 3119 1913 3160 ao
1943 3097 2000 3160 soli
2038 3098 2177 3160 omnium

1381 3203 1612 3284 succinum,
1636 3203 1719 3288 quod
1743 3203 1822 3288 ipsi
1840 3205 1998 3287 glesum
2022 3206 2176 3278 vocant,

1385 3304 1494 3366 inter
1517 3305 1623 3369 vada
1645 3313 1738 3392 atque
1761 3311 1793 3370 in
1816 3311 1884 3391 ipso
1907 3307 2034 3368 litore
2058 3303 2176 3386 legunt.

1386 3444 1425 3452 -
1449 3405 1565 3470 Rudc
1589 3409 1713 3492 legitur.
1733 3449 1772 3456 —
1797 3410 1967 3473 Succum
1990 3413 2096 3469 tamen
2120 3425 2177 3466 ar·

1385 3509 1527 3574 borum
1564 3533 1632 3575 esse
1669 3513 1845 3598 intellegas,
1890 3515 1964 3597 qnia
2007 3519 2178 3572 terrena

1385 3614 1580 3700 quaedam
1616 3623 1710 3700 atque
1745 3621 1841 3680 ctiam
1875 3614 2064 3678 volucria
2095 3614 2177 3674 ani·

1385 3719 1510 3782 maiia
1547 3719 1732 3805 plerumque
1778 3721 2051 3800 interlucent,
2097 3738 2178 3806 quae

1385 3821 1546 3905 implicata
1569 3821 1825 3886 humoremox
1850 3823 2177 3886 durescentema-

1385 3930 1466 3990 teria
1489 3925 1722 3988 cluduntur.
1770 3963 1809 3972 -
1855 3925 1944 3999 Quae
1979 3929 2072 3990 vicini
2103 3927 2177 3988 solis

1385 4031 1482 4095 radiis
1506 4053 1657 4120 expressa
1668 4037 1763 4117 atque
1784 4031 1994 4115 liquentia
2016 4032 2047 4094 in
2071 4031 2178 4116 proxi·

1385 4155 1470 4198 munr
1494 4157 1579 4200 mare
1596 4135 1744 4200 labuntur·
1767 4153 1804 4198 ac
1827 4135 1866 4197 vi
1889 4141 2178 4218 tempestatum

1385 4237 1425 4300 in
1448 4237 1584 4302 adversa
1617 4239 1767 4302 littora
1798 4237 2020 4302 exundant.
2066 4238 2097 4300 Si
2123 4259 2177 4300 na-

1387 4347 1491 4404 turam
1523 4345 1642 4406 succini
1680 4341 1805 4405 admoto
1836 4343 1910 4426 igne
1948 4347 2092 4428 temptes,
2139 4343 2178 4402 in

1387 4444 1539 4508 modum
1583 4444 1735 4509 taedae
1780 4445 2022 4509 accenditur
2059 4445 2178 4528 alitque

1387 4549 1545 4612 flammam
1577 4550 1727 4634 pinguem
1751 4559 1782 4614 et
1812 4549 2014 4630 olentem;
2047 4567 2120 4611 mox
2144 4553 2178 4607 ut

1386 4654 1419 4715 in
1441 4653 1543 4736 picem
1566 4654 1795 4716 resinamve
1817 4653 1971 4716 lentescit.
