4960 6110
1292 677 1313 745 5

789 895 1005 958 Fermento
1028 899 1123 978 atque
1146 891 1285 956 acidis
1310 893 1527 955 imitantur
1549 892 1661 956 11199
1684 892 1826 957 sorbis.

788 995 873 1058 Talis
896 994 1106 1081 Hyperboreo
1129 1001 1251 1080 septem
1272 995 1415 1078 subjecta
1437 995 1532 1059 trioni

790 1097 876 1162 Gens
899 1098 1021 1162 91119119
1042 1100 1145 1162 virum
1168 1099 1313 1184 Rhipaeo
1336 1097 1478 1161 tunditur
1502 1119 1577 1162 euro

788 1201 830 1266 Et
851 1200 1051 1286 pecudum
1073 1203 1198 1266 fulvis
1222 1203 1388 1266 velatur
1412 1220 1586 1285 corpora
1607 1202 1722 1264 setis.

481 1339 601 1414 Quodsi
623 1351 694 1402 cunr
717 1339 765 1402 his
788 1339 968 1420 contuleris,
991 1357 1072 1422 quae
1095 1338 1245 1422 leguntur
1268 1335 1354 1422 apud
1376 1336 1523 1400 Tacitum

378 1441 485 1506 Germ.
511 1445 540 1524 5,
564 1443 598 1505 2:
644 1441 868 1526 frugiferarum
889 1441 1079 1504 arborum
1101 1441 1266 1525 impatiens
1269 1487 1406 1520 .....
1431 1461 1470 1503 ne
1493 1442 1695 1506 armentis
1718 1440 1844 1527 quidem
1866 1461 1940 1504 suus
1962 1440 2071 1503 honor.

376 1543 452 1608 ibid.
487 1546 539 1626 24,
563 1547 599 1608 3:
644 1565 702 1608 nec
725 1545 809 1608 enim
832 1581 872 1590 -
896 1542 1096 1626 contendunt,
1119 1549 1154 1606 ut
1176 1545 1318 1629 pomaria
1340 1551 1506 1608 conserant
1528 1550 1560 1608 et
1580 1551 1698 1630 prata
1720 1551 1868 1630 separent
1890 1549 1921 1606 et
1943 1543 2050 1606 hortos
2073 1543 2185 1627 rigent.

376 1647 451 1712 ibid.
487 1649 538 1729 22,
565 1651 598 1712 l:
645 1653 679 1710 ut
702 1647 786 1733 apud
809 1669 886 1733 quos
908 1648 1126 1733 plurimum
1148 1647 1277 1710 hiems
1299 1653 1442 1733 occupat.

377 1749 453 1814 ibid.
490 1752 539 1832 16,
564 1753 601 1814 3:
646 1751 747 1813 solent
769 1756 801 1812 et
822 1750 1124 1814 subterraneos
1147 1770 1295 1835 specus
1329 1752 1454 1836 aperire
1477 1771 1593 1837 eosque
1615 1753 1714 1816 multo
1737 1752 1863 1836 insuper
1885 1751 1959 1814 fimo
1982 1754 2122 1831 onerant,
2159 1749 2238 1812 suf-

642 1853 797 1940 fugium
818 1855 943 1918 hiemi
966 1859 999 1916 et
1020 1855 1255 1938 receptaculum
1277 1853 1432 1938 frugibus.

377 1956 453 2021 ibid.
490 1959 539 2040 16,
564 1959 600 2020 4:
646 1957 720 2042 quia
749 1958 887 2042 rigorem
919 1956 1121 2041 frigorum
1154 1957 1319 2039 molliunt;
1358 1957 1437 2020 etsi
1462 1956 1586 2041 quando
1609 1956 1708 2019 hostis
1731 1954 1869 2036 advenit,
1906 1961 2018 2040 aperta
2052 1956 2237 2040 populatur,

648 2059 758 2124 abdita
780 2066 885 2123 autem
908 2064 939 2123 et
962 2059 1129 2122 defossa
1151 2065 1206 2122 aut
1229 2061 1415 2144 ignorantur
1438 2066 1493 2122 aut
1518 2080 1555 2123 90
1578 2060 1646 2144 ipso
1668 2059 1790 2139 fallunt,
1815 2057 1898 2143 quod
1921 2057 2102 2143 quaerenda
2125 2065 2205 2120 sunt.

377 2163 452 2227 ibid.
488 2165 539 2246 17,
563 2167 597 2227 1:
644 2169 792 2248 tegumen
819 2162 962 2226 omnibus
996 2183 1108 2248 sagum
1137 2162 1236 2226 fibula
1257 2167 1313 2226 aut
1335 2163 1361 2226 si
1384 2161 1476 2244 desit,
1513 2163 1604 2248 spina
1627 2168 1804 2226 consertum
1821 2164 1852 2244 ¹).
1891 2167 1997 2224 cetera
2026 2161 2132 2224 intecti
2156 2169 2238 2224 10109

651 2267 718 2331 dies
741 2272 857 2331 iuxta
878 2267 1011 2329 focum
1035 2273 1159 2350 atque
1182 2267 1316 2350 ignem
1340 2273 1476 2349 agunt.

322 2426 327 2437 .
377 2369 452 2433 ibid.
490 2372 539 2452 17,
562 2371 598 2434 2:
646 2371 881 2456 locupletissimi
904 2376 991 2434 19919
1014 2367 1258 2453 distinguuntur,
1287 2389 1350 2432 non
1372 2369 1525 2448 fluitante,
1559 2370 1640 2430 sicut
1658 2367 1821 2432 Sarmatae
1844 2387 1880 2430 ac
1904 2367 2025 2449 Parthi,
2048 2367 2105 2432 sed
2128 2370 2237 2431 9111019

647 2479 679 2536 91
700 2474 839 2558 singulos
861 2477 948 2536 artus
972 2473 1181 2557 exprimente.
1227 2465 1386 2534 (icrunt
1407 2476 1446 2534 91
1469 2471 1486 2533 f
1491 2491 1656 2534 ararum
1677 2471 1824 2556 pelles.

377 2574 452 2640 ibid.
487 2578 538 2658 24,
562 2579 599 2640 3:
644 2576 788 2640 Aleum
820 2576 916 2640 sobrii
939 2578 1020 2639 inter
1043 2575 1125 2638 scria
1158 2580 1373 2656 exercent,
1413 2579 1502 2636 tanta
1523 2573 1666 2638 lucrandi
1697 2574 1889 2660 perdendive
1912 2576 2098 2657 temeritate,
2121 2581 2157 2638 ut
2181 2597 2237 2638 ex-

646 2686 747 2744 tremo
771 2681 855 2742 iactu
878 2679 917 2742 de
940 2679 1085 2742 libertate
1108 2677 1309 2742 contendant.

376 2779 451 2845 ibid.
486 2783 538 2864 23,
563 2784 598 2846 1:
643 2782 738 2846 Potui
766 2782 905 2845 humor
928 2801 976 2844 ex
1005 2779 1158 2844 hordeo
1181 2786 1251 2851 ant
1282 2781 1490 2844 frumento
1513 2781 1551 2844 in
1575 2779 1773 2866 quandam
1806 2779 2127 2845 similitudinem
2151 2782 2236 2844 11111

647 2891 812 2970 corruptus
836 2922 877 2931 —

478 2986 527 3049 his
549 2987 646 3072 igitur
667 2989 787 3052 collatis
817 2987 979 3068 concedes,
1011 3008 1075 3052 non
1097 2988 1198 3051 solum
1226 2988 1398 3052 maximum
1420 3007 1499 3070 esse,
1522 2989 1590 3052 919
1612 2989 1737 3074 poetica
1766 2986 1901 3051 dictione
1923 2987 2114 3070 discesseris,
2138 2987 2238 3052 Taciti

375 3110 447 3152 cum
476 3091 619 3176 Vergilio
648 3093 680 3154 in
702 3091 807 3155 verbis
829 3092 905 3176 ipsis
928 3097 960 3154 et
980 3111 1086 3154 rerum
1108 3092 1212 3176 specie
1242 3111 1428 3156 consensum
1450 3129 1490 3138 —-
1515 3091 1613 3176 (apud
1635 3091 1735 3176 Verg.
1768 3091 1943 3154 defossis
1966 3093 2173 3176 specubus
2197 3131 2236 3138 —-

375 3193 1480 3280 9990119-(191099990911Τ99.;9991117919991119119,
1512 3231 1552 3278 -;
1587 3194 1888 3258 subterraneos
1911 3194 1997 3280 apud
2020 3195 2114 3276 Tac.;
2152 3195 2236 3281 apud

375 3296 474 3382 Verg.
497 3297 601 3360 focis
624 3299 815 3382 ignique,
840 3335 880 3343 —
903 3297 1032 3360 focum
1056 3303 1180 3383 atque
1202 3299 1354 3382 ignem;
1378 3299 1462 3362 otia
1483 3303 1616 3382 agunt
1639 3335 1680 3344 -
1706 3303 1817 3360 totos
1839 3296 1928 3360 dies
1951 3305 2080 3382 agunt
2102 3337 2143 3346 —
2167 3300 2237 3384 plus

374 3401 591 3484 parotium
614 3401 865 3486 transigunt)
888 3437 929 3448 -
952 3399 1122 3463 sedetiam
1144 3407 1402 3485 argumentorum
1424 3400 1560 3464 eundem
1581 3421 1650 3464 esse
1674 3399 1826 3482 ordinem,
1850 3399 1983 3464 eandem
2005 3421 2111 3464 rerum
2134 3402 2237 3488 dispo·

374 3503 549 3568 nendarum
571 3505 732 3586 rationem,
755 3505 800 3568 ita
821 3509 856 3567 ut
878 3504 933 3566 vix
955 3501 1033 3567 duos
1056 3505 1223 3589 scriptores
1246 3505 1347 3590 magis
1370 3505 1451 3568 inter
1474 3524 1508 3568 99
1532 3510 1742 3588 congruentes
1764 3504 1916 3588 reperias.
1964 3502 2027 3566 Sed
2049 3504 2133 3568 unde
2157 3505 2236 3569 haec

373 3607 454 3669 mira
475 3608 687 3693 conspiratio?
720 3607 773 3670 An
795 3605 933 3688 Tacitus,
956 3607 1210 3692 religiosissimus
1225 3607 1318 3670 homo
1341 3613 1373 3670 et
1394 3627 1537 3670 summae
1560 3606 1644 3688 fidei,
1667 3627 1708 3669 ex
1720 3605 1865 3690 Vergilio
1888 3612 2049 3670 mutuatus
2072 3612 2129 3688 est,
2154 3629 2235 3693 quae

374 3707 414 3770 de
437 3707 603 3773 Germanis
624 3709 776 3772 tradidit?
820 3708 968 3791 Minime3
1001 3711 1140 3794 opinioni
1163 3710 1256 3790 enim,
1289 3711 1474 3774 historicum
1496 3709 1582 3774 fideli
1605 3709 1709 3772 ubivis
1734 3729 1771 3771 99
1794 3709 1884 3794 quasi
1906 3709 2042 3772 sollicita
2063 3711 2236 3774 imitatione

375 3830 416 3873 ex
438 3817 532 3896 poeta
554 3811 796 3897 descriptionem
817 3811 905 3874 illam
926 3811 1173 3896 pulcherrimam
1195 3813 1417 3898 desumpsisse,
1432 3821 1583 3898 tanquam
1605 3813 1723 3876 lincam
1744 3817 1815 3896 post
1837 3812 1954 3874 lineam
1976 3813 2118 3896 pinxisse
2141 3819 2236 3898 atque

372 3915 751 4000 haustulisso,repugnat
769 3915 906 3978 illatam
928 3915 1096 3999 singularis
1119 3915 1243 3980 dicendi
1266 3918 1416 3998 varietas,
1439 3938 1502 4002 qua
1524 3916 1624 3979 multa
1646 3917 1769 3978 variata
1784 3919 1856 3978 sunt
1872 3913 2029 3996 addendo,
2052 3915 2235 3998 omittendo,

372 4016 580 4080 immutando:
614 4019 754 4103 (semper
785 4018 932 4098 hiems,
967 4038 1092 4104 semper
1122 4020 1273 4105 spirantis
1304 4021 1466 4105 frigora
1496 4019 1655 4084 Gauri-
1679 4016 1852 4101 suffugium
1890 4017 2016 4081 hiemi
2039 4023 2072 4081 et
2092 4025 2235 4103 recepta·

372 4120 477 4183 culum
499 4121 652 4205 frugibus,
676 4122 749 4207 quia
770 4122 924 4206 frigorum
947 4123 1086 4206 rigorem
1107 4123 1282 4205 molliunt);
1321 4123 1536 4187 additamenta
1559 4121 1725 4208 quaedem,
1764 4140 1844 4205 quae
1867 4140 1939 4183 cum
1961 4120 2037 4184 locis
2060 4140 2235 4206 congruon-

373 4223 455 4286 tibus
477 4225 633 4288 artissime
648 4226 883 4308 cohaerent(cf.
907 4224 981 4288 Tac.
1007 4227 1056 4308 17,
1082 4229 1116 4308 13
1140 4233 1281 4290 cetera
1303 4227 1425 4309 11119911)
1448 4245 1617 4291 consensus
1640 4229 1774 4309 quatuor
1796 4243 1911 4304 rerum,
1935 4243 2012 4308 quas
2036 4223 2163 4287 Tacitus
2179 4245 2235 4288 suo

373 4347 528 4412 quamque
562 4327 630 4391 loco
651 4328 758 4410 refert,
792 4327 953 4413 Vergilius
976 4328 1008 4390 in
1036 4349 1132 4392 unam
1162 4329 1331 4414 imaginem
1353 4331 1515 4410 coartavit,
1552 4327 1585 4391 id
1617 4333 1787 4412 postremo,
1824 4325 1908 4411 quod
1930 4328 2065 4411 scriptor
2086 4333 2118 4390 et
2139 4333 2236 4412 poeta

373 4429 483 4492 eodem
505 4429 601 4494 verbo
635 4451 697 4494 non
719 4429 831 4494 eadem
852 4431 953 4494 forma
975 4435 1105 4494 utuntur
1128 4429 1272 4514 (defossis
1294 4431 1449 4516 specubus
1472 4469 1513 4477 -
1536 4430 1662 4494 defossa
1683 4431 1882 4515 ignorantur)
1905 4467 1946 4476 -
1985 4429 2074 4504 Quae
2099 4451 2170 4494 cum
2191 4431 2236 4494 119

372 4533 443 4613 sint,
466 4533 521 4595 vix
543 4533 629 4597 aliud
657 4535 854 4619 relinquitur,
892 4553 987 4618 quam
1009 4539 1044 4596 ut
1073 4539 1257 4615 statuamus,
1285 4539 1455 4619 9119190119
1478 4554 1520 4597 ex
1543 4533 1654 4597 eodem
1677 4533 1763 4597 fonte
1786 4533 1928 4596 hausisse
1952 4539 2087 4618 atquae
2109 4534 2173 4596 illic
2195 4533 2235 4597 dc

373 4635 539 4698 Germanis
558 4637 659 4700 relata
681 4638 752 4718 sint,
775 4657 814 4700 ea
835 4657 892 4721 pro
914 4637 1036 4700 consilii
1058 4637 1241 4700 miratione
1264 4635 1442 4720 Vergilium
1464 4641 1500 4698 ut
1521 4641 1657 4721 poetam,
1681 4635 1827 4698 Tacitum
1848 4640 1884 4698 ut
1899 4635 2082 4700 historicum
2104 4637 2234 4722 inopus

323 4737 327 4742 ’
373 4759 464 4802 suum
483 4739 689 4803 transtulisse.

475 4869 504 4931 2.
550 4867 626 4935 lam.
651 4889 727 4933 1910
764 4889 835 4932 omn
857 4869 1019 4953 Vergilius
1042 4873 1073 4931 ct
1096 4867 1223 4930 Tacitus
1246 4865 1285 4930 de
1315 4865 1535 4952 descriptione,
1570 4888 1651 4952 quae
1674 4867 1715 4932 ad
1739 4867 1928 4953 Scytharum
1951 4875 1983 4932 et
2005 4867 2235 4932 Germanorum

373 4973 489 5034 victum
511 4972 812 5058 consuetudinesque
845 4972 992 5057 pertinet,
1030 4972 1206 5034 consentire
1236 4969 1414 5052 videantur,
1446 4969 1537 5034 nobis
1560 4971 1600 5034 de
1632 4973 1734 5057 gentis
1757 4973 1884 5058 ingenio
1907 4979 2003 5058 atque
2026 4971 2131 5036 indole
2153 4971 2234 5036 Hor.

374 5072 477 5136 Carm.
500 5075 555 5138 lib.
572 5075 630 5156 III,
654 5077 695 5138 24
719 5073 964 5159 comparandum
986 5081 1043 5156 est,
1068 5072 1152 5168 quod
1175 5081 1222 5138 est
1237 5075 1269 5138 in
1292 5095 1401 5138 eorum
1423 5095 1565 5158 numero,
1589 5077 1702 5161 quibus
1721 5077 1805 5140 cives
1828 5097 1900 5140 suos
1924 5075 1964 5140 ad
1980 5077 2097 5140 avitam
2112 5097 2236 5140 morum

476 5331 500 5400 ¹)
536 5334 569 5386 cf.
589 5335 684 5405 Vergil
704 5339 769 5386 Aen.
790 5333 845 5398 111,
865 5335 924 5388 591.
962 5333 1032 5387 Ovid
1054 5337 1165 5386 Malam.
1185 5334 1256 5400 xiv,
1280 5333 1334 5388 167.
