4960 6110
1269 661 1288 727 7

968 837 1305 958 haerere¹)'ingenuus
1327 892 1406 958 puer

967 975 1165 1062 venarique²)
1188 977 1285 1056 timet,
1309 974 1453 1039 ludere
1477 973 1595 1038 doctior

968 1099 1025 1144 seu
1047 1079 1170 1143 Graeco
1193 1079 1303 1142 iubeas
1326 1079 1434 1142 trocho

969 1201 1025 1244 seu
1047 1181 1137 1244 malis
1159 1181 1294 1244 vetita
1316 1181 1478 1265 legibus
1501 1181 1588 1242 alea

971 1305 1042 1347 cum
1064 1285 1192 1369 periura
1213 1286 1311 1368 patris
1335 1283 1439 1346 fidos

969 1393 1146 1450 consortem
1168 1387 1286 1451 socium
1308 1387 1399 1451 fallat
1421 1391 1452 1450 et
1474 1385 1679 1470 hospitem

969 1487 1160 1574 indignoque
1182 1491 1347 1574 pecuniam

970 1591 1114 1655 heredi
1136 1599 1293 1678 properet.

454 1711 565 1796 [Verg.
590 1709 707 1794 Georg.
732 1709 790 1790 ΙΙΙ,
814 1712 893 1794 379,
916 1711 949 1774 hi
971 1719 1096 1776 noctem
1118 1711 1214 1776 ludo
1238 1712 1379 1796 ducunt]

351 1825 427 1892 Tac.
451 1826 502 1905 24,
526 1825 566 1886 3:
611 1821 740 1884 aleam
762 1819 846 1906 quod
868 1823 981 1886 mirere
1004 1823 1099 1888 sobrii
1121 1823 1202 1887 inter
1217 1826 1299 1888 seria
1322 1827 1481 1887 exercent.
1514 1823 1544 1884 4.
1568 1840 1607 1883 ea
1620 1825 1667 1882 est
1683 1819 1715 1882 in
1738 1839 1772 1882 re
1787 1817 1984 1904 pervicacis3
2005 1818 2066 1902 ipsi
2087 1815 2207 1881 iidem

558 1929 680 1988 vocant.
725 1925 776 2004 26,
803 1925 830 1986 l.
865 1923 955 1988 fenus
979 1928 1156 2014 agitasset
1188 1927 1221 1990 in
1243 1948 1356 1990 usuras
1390 1923 1564 1990 extendere
1589 1923 1741 2007 ignotum,
1778 1919 1911 2006 ideoque
1932 1921 2034 2005 magis
2056 1925 2207 2001 servatur,

558 2047 652 2113 quam
674 2027 700 2089 si
723 2025 897 2090 vetitum
919 2035 1010 2093 asset.

454 2133 515 2198 His
536 2132 612 2195 loeis
640 2131 762 2194 collatis
784 2131 1020 2196 similitudinem
1041 2133 1227 2218 scriptorum
1250 2133 1326 2196 satis
1349 2133 1554 2218 explanatam
1576 2147 1644 2192 esse
1666 2126 1727 2189 rati
1749 2131 1831 2188 sunt.
1875 2125 1917 2189 Iis
1940 2125 2066 2212 quidem
2081 2125 2208 2190 demon·

352 2247 451 2303 strare
466 2236 541 2298 satis
558 2241 615 2316 est,
635 2231 780 2296 Tacitum
802 2239 834 2296 ct
848 2233 1019 2300 Horatium
1040 2256 1102 2300 non
1126 2235 1218 2300 modo
1241 2237 1274 2300 in
1297 2255 1403 2298 rerum
1425 2235 1555 2314 ratione,
1578 2233 1612 2294 in
1634 2228 1799 2314 descriptis
1821 2229 1969 2311 moribus,
1993 2230 2024 2292 in
2047 2229 2208 2292 sententiis

353 2340 528 2406 consentire
558 2339 638 2401 inter
660 2357 704 2418 se,
733 2335 906 2400 sedetiam
936 2337 1082 2421 dictione,
1114 2339 1293 2401 narratione
1316 2339 1394 2422 ipsa,
1432 2335 1565 2416 iudiciis,
1602 2353 1661 2395 usu
1685 2337 1716 2394 et
1738 2330 1906 2394 verborum
1929 2331 2052 2396 delectu
2074 2331 2209 2418 plurima

353 2442 529 2509 communia
561 2439 688 2504 habere.
739 2438 851 2525 Neque
884 2441 985 2504 minus
1020 2442 1123 2505 elucet
1156 2461 1257 2526 neque
1290 2439 1460 2503 Horatium
1489 2438 1567 2501 haec
1595 2436 1748 2520 effingere
1777 2436 1915 2520 potuisse
1945 2455 2047 2521 neque
2069 2437 2096 2499 si
2118 2435 2208 2502 ellin-

353 2549 461 2627 xisset,
484 2545 638 2624 Tacitum,
661 2543 714 2627 qui
731 2563 793 2606 non
808 2544 932 2627 poetica
942 2544 1102 2628 figmenta,
1125 2543 1181 2606 sed
1197 2563 1302 2606 rerum
1319 2542 1487 2604 veritatem
1508 2545 1701 2624 sequeretur,
1724 2539 1779 2602 illa
1800 2539 1833 2602 in
1854 2559 1945 2602 usum
1967 2561 2058 2603 suum
2080 2561 2209 2604 conver-

354 2656 421 2713 tere
438 2647 586 2734 potuisse.
632 2643 737 2718 Quare
759 2645 823 2708 iam
845 2665 882 2709 eo
905 2647 1065 2730 inclinant,
1088 2653 1123 2710 ut
1137 2647 1281 2710 Tacitum
1303 2651 1335 2708 et
1356 2643 1526 2708 Horatium
1549 2663 1590 2707 ex
1609 2641 1722 2706 iisdem
1738 2641 1874 2706 lontibus
1896 2643 2037 2706 hausisse
2059 2650 2207 2710 statuant.

461 2763 491 2823 3.
536 2759 589 2822 Ex
611 2757 754 2820 omnibus
777 2757 824 2839 iis,
848 2777 928 2842 quae
950 2759 1010 2821 huc
1032 2777 1132 2844 usque
1154 2756 1314 2842 disputata
1335 2761 1418 2836 sunt,
1442 2755 1534 2818 facile
1549 2759 1693 2840 apparet,
1716 2753 1859 2817 Tacitum
1881 2753 1960 2818 duas
1982 2755 2024 2818 ad
2035 2755 2209 2822 Gennanos

354 2860 577 2927 describendos
600 2859 814 2922 enarrationes
836 2867 977 2924 secutum
1000 2881 1079 2943 esse,
1113 2881 1246 2946 quarum
1267 2860 1377 2940 altera,
1400 2859 1493 2922 simul
1515 2878 1535 2920 a
1557 2857 1700 2942 Vergilio
1722 2855 1838 2922 tradita
1860 2896 1901 2904 -
1925 2859 2041 2946 Georg.
2064 2860 2123 2942 HI,
2146 2863 2208 2926 356

354 2987 400 3052 sq.
424 3001 464 3011 -
488 2962 527 3028 de
549 2963 635 3026 victu
657 2961 843 3048 vestituque,
881 2962 1035 3026 detectis
1058 2969 1089 3026 et
1112 2961 1348 3026 oblectamentis
1371 2961 1484 3046 egisse,
1520 2961 1621 3024 altera
1643 2959 1683 3023 ab
1706 2957 1839 3024 Horatio
1862 2959 1903 3024 ad
1936 2981 2064 3028 carmen
2086 2983 2210 3052 compo·

354 3067 492 3134 nendum
514 3064 633 3148 habita,
668 3065 777 3150 populi
798 3085 901 3128 mores
925 3071 956 3128 et
988 3067 1117 3150 ingenia
1138 3071 1170 3128 et
1203 3062 1323 3127 indoles
1357 3063 1544 3150 explicatius
1578 3061 1780 3148 descripsisse
1813 3061 1946 3128 videtur.
2005 3067 2071 3130 Hlis
2105 3075 2211 3134 autem

355 3171 477 3236 duobus
499 3169 623 3253 scriptis
646 3167 687 3232 ad
710 3167 826 3232 librum
848 3189 939 3232 suum
973 3167 1233 3233 conscribendum
1264 3165 1357 3230 modo
1380 3167 1439 3228 hac
1462 3165 1554 3228 modo
1591 3165 1646 3228 illa
1667 3183 1759 3228 usum
1781 3185 1849 3229 esse
1871 3165 2025 3251 Tacitum,
2058 3171 2211 3255 omnibus,

356 3275 409 3360 qui
431 3273 607 3336 accuratius
630 3271 837 3355 inspexerint,
876 3271 968 3335 facile
992 3271 1138 3335 elucebit.
1182 3273 1309 3335 Vestitu
1342 3271 1427 3334 enim
1449 3270 1493 3333 sic
1527 3268 1694 3354 descripto,
1726 3275 1761 3333 ut
1792 3271 1964 3336 maximam
1995 3280 2120 3360 partem
2142 3298 2213 3342 cum

354 3375 498 3460 Vergilio
521 3375 695 3438 consentire
713 3373 867 3454 rideatur,
890 3373 1058 3438 adumbrat
1080 3376 1125 3438 ita
1146 3375 1327 3460 coniugium
1349 3375 1431 3458 (cap.
1447 3373 1521 3454 18),
1544 3377 1579 3434 ut
1600 3371 1677 3436 nihil
1699 3372 1766 3436 lere
1788 3373 1875 3437 aliud
1891 3383 2026 3458 enarret,
2048 3379 2109 3442 nisi
2130 3379 2214 3466 quod

355 3477 505 3542 traditum
527 3485 575 3540 est
597 3477 637 3540 ab
660 3477 810 3558 Horati0;
834 3476 947 3540 deinde
962 3497 1037 3541 vero
1059 3483 1225 3564 postquam
1248 3474 1455 3540 describendo
1476 3475 1562 3538 victu
1584 3473 1625 3538 ad
1647 3475 1883 3542 similitudinem
1906 3477 2049 3564 Vergilio
2071 3485 2214 3568 proxime

356 3582 497 3664 accessit,
526 3588 716 3644 tesserarum
748 3579 836 3662 (Tac.
860 3601 886 3643 c.
910 3583 961 3662 24,
985 3584 1014 3645 3.
1052 3581 1165 3666 Vergil
1187 3601 1217 3644 v.
1241 3582 1313 3644 379.
1347 3577 1456 3644 Horaz
1478 3599 1507 3641 v.
1532 3577 1598 3662 57.)
1629 3577 1705 3642 facit
1726 3581 1915 3644 mentionem
1936 3603 1999 3648 non
2020 3585 2122 3650 minus
2145 3607 2216 3651 cum

356 3685 531 3772 hecquem
554 3705 625 3748 cum
647 3684 700 3747 illo
723 3684 931 3748 consentiens.

461 3787 550 3862 Quae
572 3807 669 3872 quum
691 3787 736 3850 ita
757 3787 829 3868 sint,
852 3786 993 3872 quaestio
1016 3785 1105 3850 nobis
1139 3785 1273 3868 exsistit,
1307 3785 1376 3872 quis
1401 3783 1496 3848 fuerit
1529 3783 1671 3871 scriptor,
1709 3805 1751 3848 cx
1773 3786 1860 3850 euius
1888 3785 2097 3874 descriptione
2119 3791 2217 3856 mirus

356 3893 410 3956 ille
433 3911 603 3956 consensus
626 3892 667 3954 sit
688 3891 864 3976 profectus3
905 3911 1000 3977 quam
1022 3891 1126 3976 priore
1148 3897 1291 3975 tempore
1314 3909 1409 3976 quam
1430 3887 1565 3974 Vergilii
1587 3894 1682 3974 atque
1703 3889 1829 3954 Horatii
1851 3891 1991 3954 carmina
2013 3895 2217 3980 compositam

358 4013 427 4060 esse
449 4014 507 4079 per
528 4015 562 4057 se
585 3995 787 4080 intellegitur.
843 3995 1022 4080 Vergilium
1045 4000 1151 4058 autem
1174 3993 1290 4078 Georg.
1329 3991 1445 4056 librum
1467 3992 1597 4056 tertium
1628 4012 1709 4056 anno
1732 3993 1774 4056 30
1796 4013 1824 4057 a.
1847 3991 1921 4058 chr.
1953 3997 2163 4080 composuisse
2185 4005 2218 4062 ct

359 4118 400 4162 ex
422 4097 516 4162 rebus
539 4099 652 4162 aetatis
674 4118 750 4162 suae
772 4098 956 4183 significatis
978 4105 1010 4162 et
1033 4099 1103 4162 aliis
1125 4098 1319 4184 argumentis
1342 4095 1470 4159 minime
1493 4092 1595 4158 dubiis
1617 4101 1721 4180 potest
1743 4094 1960 4162 demonstrari.
1974 4098 2000 4180 8)

462 4197 585 4263 Eodem
606 4200 674 4264 fare
697 4207 848 4286 tempore,
886 4201 976 4264 annis
998 4202 1136 4283 29-27,
1174 4221 1235 4288 quo
1258 4199 1423 4283 Augustus
1445 4196 1484 4262 de
1507 4196 1647 4262 moribus
1676 4197 1880 4264 emendandis
1902 4201 2071 4286 cogitabat,
2093 4203 2217 4270 Horatii

360 4323 487 4366 carmen
524 4305 730 4390 compositum
754 4325 822 4370 csse
845 4303 978 4386 videtur,
1015 4305 1044 4368 si
1066 4303 1192 4391 quidem
1214 4305 1355 4368 homines
1378 4299 1583 4382 doctissimos,
1619 4303 1673 4387 qui
1695 4301 1734 4366 de
1765 4303 1954 4368 carminibus
1977 4306 2044 4370 eius
2066 4307 2217 4394 interpre

360 4405 463 4469 tandis
486 4408 602 4492 optime
635 4407 739 4471 meriti
762 4413 844 4489 sunt,
883 4408 972 4493 sequi
1000 4407 1154 4472 volumus.
1168 4407 1193 4490 ⁴)
1238 4405 1366 4481 Quare
1389 4403 1527 4468 dubitari
1548 4425 1612 4468 non
1635 4411 1748 4492 potest,
1786 4407 1861 4492 quin
1883 4407 1963 4471 liber
1985 4407 2050 4494 illc,
2072 4430 2165 4500 quem
2187 4417 2219 4476 et
2246 4477 2248 4482 ,

360 4507 488 4574 Tacitus
510 4516 542 4574 et
564 4515 677 4596 poetae
700 4511 799 4574 secuti
822 4516 904 4592 sunt,
927 4514 1001 4572 ante
1024 4529 1124 4574 annos
1145 4511 1271 4574 30-2t
1296 4528 1325 4574 a.
1349 4505 1425 4572 chr.
1448 4507 1489 4570 sit
1511 4507 1655 4594 scriptus.

467 4715 489 4784 1)
525 4716 619 4766 ocules·
636 4716 762 4766 Tacitum
782 4715 814 4766 de
835 4716 969 4782 equestris
978 4715 1138 4782 disciplinae
1156 4716 1245 4782 gloria
1262 4714 1334 4781 apud
1344 4715 1493 4768 Germanos
1512 4717 1639 4784 agentem
1658 4729 1718 4780 esp.
1736 4714 1783 4769 ³2:
1801 4755 1808 4770 .
1829 4751 1835 4768 .
1854 4755 1862 4771 .
1883 4757 1890 4771 .
1910 4721 2042 4783 equestris
2060 4719 2219 4788 disciplinae

319 4823 323 4830 ·
362 4809 420 4852 srte
438 4801 625 4868 praecellunt3
652 4803 694 4852 sic
711 4803 853 4853 instituere
873 4803 999 4864 maiores,
1023 4803 1125 4868 posteri
1143 4802 1296 4863 imitantur3
1324 4801 1353 4852 bi
1371 4801 1445 4852 lusus
1462 4800 1616 4861 infantium,
1635 4801 1704 4852 haec
1721 4801 1849 4852 iuvenum
1867 4803 2023 4867 aemulatio,
2046 4815 2222 4872 perseverant

362 4901 450 4938 senes.
470 4913 499 4924 ·-
519 4887 671 4948 Germ.18;
691 4888 763 4942 llist.
783 4887 830 4950 1v,
850 4889 898 4950 to;
922 4887 1027 4956 11,³o;
1046 4889 1116 4942 Ann.
1135 4887 1171 4949 ll,
1189 4887 1214 4943 8.
1234 4916 1264 4926 -
1302 4887 1327 4954 2)
1346 4887 1388 4938 Da
1406 4901 1480 4938 mora
1498 4887 1693 4938 Germanorum
1712 4887 1805 4939 confer
1823 4888 1926 4941 caesar
1945 4891 1970 4942 b.
1991 4891 2023 4945 G.
2040 4891 2088 4960 IV,
2108 4893 2136 4946 i:
2155 4897 2223 4946 mul.

362 4977 471 5038 tumque
489 4979 552 5024 sant
570 4974 598 5022 in
616 4975 806 5028 venationibus
826 4971 886 5042 (Vl,
904 4975 954 5028 21:
970 4976 1030 5028 sits
1045 4976 1132 5026 omnis
1149 4975 1179 5025 in
1187 4973 1378 5026 venationibus
1396 4977 1478 5038 stqaa
1497 4973 1526 5024 in
1540 4972 1636 5024 studiis
1655 4975 1696 5024 rei
1707 4975 1832 5028 militaris
1850 4977 2004 5044 consistito
2022 4977 2069 5039 tv,
2087 4979 2116 5030 2:
2134 4997 2221 5048 neque

364 5069 455 5110 eorum
473 5060 593 5110 moribus
609 5061 714 5125 turpius
736 5059 884 5126 quidqnsm
902 5064 949 5112 sut
975 5059 1089 5112 inertias
1111 5059 1226 5114 habetur
1250 5073 1332 5125 qnssn
1350 5058 1485 5125 ephippiis
1502 5059 1551 5114 uti.
1585 5057 1609 5128 ³)
1637 5059 1752 5128 Teuffel,
1782 5059 1884 5130 Hosius
1903 5061 2152 5130 mmisncpuspmp
2170 5069 2222 5124 m,

365 5141 411 5208 Vl,
430 5159 457 5209 p.
475 5145 551 5198 2346.
586 5143 735 5214 Psldsmus,
753 5147 839 5212 prsst.
866 5147 942 5214 vin,
968 5147 1009 5206 ld.
1044 5147 1079 5202 0.
1101 5146 1233 5213 Ribbeck,
1257 5149 1361 5210 qussss.
1388 5145 1492 5212 Vergil.
1522 5145 1629 5213 (litent.
1653 5161 1682 5214 ιιι
1710 5147 1836 5214 ῦίθεήιῑθ
1862 5147 1952 5212 1855).
1987 5147 2095 5220 Tittler,
2113 5152 2224 5209 bbstbls

365 5225 421 5293 Brit
447 5229 490 5282 bes
507 5229 731 5300 dissilisatlitbsscp
749 5242 797 5286 tta
820 5233 930 5300 Vergils
948 5233 1072 5299 Georgia.
1110 5231 1217 5301 (ffissgs.
1257 5231 1334 5299 Stlsg
1355 5227 1433 5298 tect)
1464 5247 1491 5296 p.
1509 5233 1552 5286 st.
1571 5231 1607 5283 oi.
1639 5233 1747 5300 Hsyns,
1772 5235 1829 5284 sits
1864 5232 1899 5284 sd
1929 5249 2029 5288 mnan
2061 5239 2095 5288 3⁰
2113 5253 2137 5290 a
2157 5239 2220 5296 clm.

364 5313 498 5382 Francia,
523 5314 586 5366 isati
603 5317 709 5373 Horstt.
728 5333 753 5384 p.
772 5317 807 5369 20
823 5334 863 5384 sq.
898 5317 922 5386 ⁴)
941 5319 1074 5386 Francke,
1093 5317 1157 5370 issti
1175 5319 1281 5373 Horatt.
1299 5333 1327 5384 p.
1347 5315 1407 5372 196.
1443 5315 1609 5384 Riihrsnnnd,
1629 5317 1724 5388 rlissgr.
1740 5317 1868 5383 llotsbcsn
1889 5319 1954 5376 sset
1972 5339 2001 5390 p.
2018 5325 2043 5376 ³.
