4960 6110
1197 643 1220 710 4

385 854 453 920 Nee
482 857 585 919 minus
614 857 715 919 altera
745 857 826 920 ratio
859 855 1068 940 vituperanda
1098 863 1145 920 est
1183 879 1301 940 eorum,
1339 860 1391 945 qui
1426 865 1568 922 veterum
1587 859 1675 923 libris
1709 860 1891 943 abutuntur,
1914 867 1949 924 ut
1970 861 2139 927 verborum

285 963 553 1028 emendationibus
575 964 693 1048 ingenii
715 964 815 1026 aciem
840 967 1005 1044 ostentent,
1040 963 1094 1048 qui
1115 985 1178 1028 non
1207 965 1341 1049 optimos
1364 981 1503 1049 quosque
1527 963 1694 1048 scriptores
1715 964 1840 1048 penitus
1863 985 2052 1049 cognoscere
2075 973 2139 1030 stu·

285 1065 369 1146 dent,
404 1067 514 1130 sedin
544 1087 653 1130 eorum
675 1086 808 1151 operosa
838 1066 1024 1130 tractatione
1053 1064 1210 1130 desudant
1232 1067 1428 1151 scriptorum,
1452 1065 1505 1151 qui
1521 1057 1716 1129 coniectandi
1745 1067 1955 1151 largissimam
1977 1049 2140 1132 materiem

281 1168 434 1254 praebent
451 1170 664 1256 librorumque
672 1171 803 1234 virtutes
839 1190 902 1232 non
924 1190 965 1232 ex
980 1189 1016 1232 eo
1025 1169 1202 1254 ponderare
1217 1168 1372 1250 videntur,
1395 1167 1479 1254 quod
1494 1169 1720 1232 sententiarum
1740 1171 1898 1254 gravitate
1914 1177 1946 1234 et
1968 1171 2138 1235 verborum

284 1279 449 1337 venustate
471 1275 638 1354 excellant,
660 1271 717 1336 sed
739 1270 832 1358 quod,
869 1277 904 1335 ut
927 1271 1031 1336 dicere
1061 1272 1128 1336 fere
1150 1273 1262 1354 solent,
1299 1273 1485 1352 ,sciolorum
1507 1270 1724 1336 librariorum“
1751 1273 1946 1358 negligentia
1969 1279 2063 1360 atque
2086 1293 2140 1336 ne·

282 1377 380 1461 quitia
400 1377 535 1462 pessime
565 1376 665 1440 habiti
687 1377 758 1440 sint.
804 1374 900 1457 Quos,
938 1395 978 1438 ne
1008 1395 1064 1439 suo
1086 1377 1148 1462 ipsi
1180 1377 1281 1440 labori
1302 1376 1433 1440 nimium
1462 1375 1611 1455 tribuant,
1651 1374 1894 1438 commonefacio
1917 1396 2036 1457 eorum,
2059 1397 2139 1460 quae

279 1478 333 1542 Fr.
358 1477 398 1541 A.
422 1477 568 1560 Wolfius,
591 1499 684 1564 quem
706 1479 769 1542 iam
792 1499 888 1563 supra
911 1480 1161 1560 commemoravi,
1185 1479 1275 1543 dixit.
1326 1478 1416 1560 ,Non
1438 1481 1504 1540 tam
1527 1476 1658 1561 grande,
1689 1477 1798 1563 inquit,
1833 1477 1970 1562 pretium
1992 1479 2139 1542 emcnda-

280 1579 417 1645 tionibus
437 1583 553 1646 nostris
575 1587 712 1646 statuere
735 1583 830 1664 soleo,
854 1586 889 1644 ut
913 1582 1105 1666 singularem
1133 1583 1271 1668 aliquam
1293 1584 1431 1666 gratiam
1452 1577 1525 1642 inde
1548 1599 1672 1664 sperem
1694 1587 1750 1644 aut
1771 1581 1917 1664 exigam3
1940 1581 2033 1644 facile
2056 1583 2140 1644 enim

281 1690 313 1746 et
334 1687 424 1770 quasi
450 1691 560 1770 sponte
582 1685 684 1748 solent
714 1686 791 1750 mibi
822 1684 979 1749 subnasci.
1003 1723 1043 1732 -
1078 1685 1231 1750 Defessus
1254 1706 1324 1748 sum
1345 1683 1449 1748 taedio
1473 1682 1640 1765 scribendi,
1676 1683 1760 1768 quod
1782 1684 1877 1768 longe
1900 1683 2019 1746 maiore
2042 1704 2140 1769 opera

280 1785 357 1850 mihi
377 1789 524 1870 constitit,
547 1807 641 1874 quam
664 1786 898 1852 emendationes
923 1789 1040 1872 ipsae.“
1079 1787 1246 1874 Quidquod
1269 1808 1422 1874 nusquam
1438 1786 1651 1850 doctissimum
1672 1786 1762 1848 illum
1777 1787 1879 1849 virum
1902 1785 2137 1852 emendationes

279 1909 352 1952 suas
373 1897 498 1954 notasse
520 1897 675 1973 narratur,
698 1891 754 1954 sed
776 1891 861 1954 idern
883 1892 915 1954 in
938 1892 1073 1976 antiquis
1096 1891 1210 1955 fabulis
1232 1890 1374 1976 legendis
1397 1909 1493 1974 saepe
1514 1889 1660 1952 lacrimas
1684 1887 1834 1952 effudisse
1857 1889 1979 1952 dicitur.

383 2008 541 2094 Cogitanti
563 2031 637 2074 vere
659 2011 746 2093 mihi,
769 2031 850 2096 quae
864 2010 994 2076 tandem
1016 2013 1135 2098 optima
1156 2017 1239 2076 esset
1259 2013 1339 2076 ratio
1362 2011 1535 2074 sententiae
1558 2029 1647 2074 meae
1670 2008 1921 2074 corroborandae
1944 2015 2040 2096 atque
2062 2010 2139 2073 vitia

278 2110 343 2192 illa,
374 2112 487 2198 quibus
515 2119 647 2198 peccant
676 2114 766 2176 multi
800 2115 884 2199 iique
916 2115 1161 2200 praeclarissimi
1189 2115 1339 2196 homines,
1377 2113 1543 2200 perspicue
1573 2110 1816 2193 demonstrandi,
1839 2113 1927 2176 nulla
1949 2111 2140 2176 commodior

275 2220 370 2301 atque
385 2216 542 2280 efficacior
557 2217 699 2300 occurrit,
712 2237 806 2302 quam
828 2237 910 2302 quae
925 2219 1205 2302 argumentationis
1221 2217 1382 2300 eiusmodi,
1402 2223 1545 2302 utsupra
1557 2216 1634 2298 dixi,
1648 2217 1832 2301 exemplum
1851 2217 1892 2281 ob
1909 2217 2014 2280 oculos
2030 2222 2136 2302 ponat.

278 2316 375 2381 Cuius
396 2321 443 2382 rai
465 2320 492 2382 si
513 2320 582 2405 quis
604 2321 690 2404 eupit
705 2321 877 2406 exemplar,
902 2319 988 2382 haud
1005 2321 1070 2382 scio
1093 2341 1135 2383 an
1156 2321 1255 2384 ullum
1268 2322 1409 2384 invenire
1431 2321 1529 2405 possit
1550 2321 1710 2402 illustrius,
1735 2341 1830 2405 quam
1845 2319 1929 2406 quod
1950 2319 2137 2408 damtione,

278 2441 341 2505 qua
361 2421 394 2484 in
409 2421 637 2486 Germanorum
659 2422 799 2486 moribus
813 2421 1028 2486 describendis
1051 2423 1206 2486 coniuncti
1229 2429 1301 2486 sunt
1316 2422 1481 2486 Sallustius
1505 2429 1536 2485 et
1560 2407 1698 2504 Tacitus,
1723 2428 1812 2486 extat
1832 2421 1917 2508 apud
1939 2423 1979 2487 R.
2001 2421 2135 2510 chpke

277 2523 311 2587 in
332 2525 412 2588 libre
434 2545 491 2589 suo
526 2525 750 2606 ,Quaestiones
782 2525 1009 2589 Germanicae“
1045 2525 1164 2609 (Berol.
1195 2529 1291 2609 1859)
1304 2527 1328 2609 ¹)
1360 2533 1392 2589 et
1420 2525 1479 2588 Th.
1508 2525 1723 2590 Wiedemann
1763 2525 1990 2608 „Quaestiones
2022 2526 2136 2590 adres

276 2626 482 2692 Germanicas
510 2634 699 2714 spectantes,
737 2628 884 2692 editaea
917 2629 1068 2693 societate
1096 2629 1245 2694 historica
1274 2627 1456 2694 academiae
1482 2629 1678 2692 monacensis
1701 2629 1758 2711 IV,
1782 2627 1806 2692 Ι.
1831 2631 1943 2712 (1864)
1972 2650 2047 2714 pag.
2073 2631 2131 2692 171

277 2729 368 2816 sq.,²)
405 2731 447 2794 ad
469 2753 545 2818 quos
567 2731 690 2796 accedit
711 2731 861 2812 Kritzius,
897 2731 1036 2796 Sallustii
1065 2732 1313 2818 fragmentorum
1346 2731 1447 2796 editor
1469 2732 1607 2796 maxime
1638 2731 1816 2794 celebratus
1838 2751 2024 2818 semperque
2048 2733 2130 2796 celc-

276 2833 458 2918 brandus.³)
500 2835 612 2922 Itaque
634 2835 666 2898 in
687 2835 790 2920 prima
812 2835 915 2920 operis
937 2836 999 2898 mci
1020 2841 1110 2920 parte
1144 2837 1249 2898 omnia
1271 2855 1351 2920 quac
1374 2839 1518 2919 spectant
1540 2834 1580 2898 ad
1593 2836 1772 2920 opinionem
1795 2835 1889 2898 istam
1911 2835 2132 2899 affirmandam

275 2943 369 3022 atque
391 2936 677 3020 demonstrandam,
700 2958 739 3002 ea
761 2958 802 3001 ex
824 2937 913 3002 libris
936 2938 997 3000 illis
1019 2959 1140 3002 summo
1163 2938 1265 3002 studio
1288 2957 1458 3022 congeram
1480 2943 1575 3023 atqua
1590 2958 1785 3023 componam,
1809 2939 1842 3000 in
1865 2939 1966 3001 altera
1989 2936 2130 3001 homines

275 3041 345 3103 illos
366 3039 561 3105 doctissimos
582 3041 680 3105 nimia
708 3043 773 3105 sive
795 3042 919 3104 narium
948 3043 1122 3126 sagacitate
1152 3043 1219 3106 sive
1241 3041 1437 3126 ingeniorum
1470 3040 1644 3104 subtilitate
1667 3039 1815 3127 deceptos
1838 3041 1939 3126 magis
1962 3040 2131 3104 verborum

277 3163 371 3226 quam
393 3163 498 3208 rerum
519 3142 673 3207 studiosos
697 3164 786 3208 mera
807 3145 928 3207 somnia
948 3165 1005 3230 pro
1028 3146 1111 3209 veris
1133 3144 1311 3208 venditasse
1334 3145 1511 3208 accuratius
1534 3163 1693 3228 exponere
1716 3143 1794 3206 mihi
1816 3143 1973 3228 proposui.

385 3267 414 3328 1.
457 3263 619 3349 Vergilius
640 3265 673 3328 in
694 3264 785 3328 tertio
808 3262 925 3348 Georg.
948 3263 1028 3328 libro
1051 3263 1091 3328 de
1113 3265 1200 3327 vario
1223 3285 1411 3349 pascuorum
1434 3284 1550 3348 genere
1571 3285 1672 3350 agens
1695 3266 1924 3350 cumprimum
1951 3263 2134 3328 felicitatem

276 3363 419 3452 gregum,
442 3386 523 3452 quae
540 3367 598 3431 sub
614 3367 775 3431 mitissimo
792 3368 879 3430 coelo
902 3367 1068 3448 habentur,
1092 3366 1243 3450 laudavit,
1266 3367 1379 3431 deinde
1402 3387 1496 3452 quam
1511 3369 1626 3432 misera
1648 3369 1689 3432 sit
1709 3368 1875 3454 pecoribus
1891 3374 1985 3454 atque
2006 3369 2133 3432 inimica

274 3472 362 3555 regio
385 3471 443 3534 sub
465 3469 738 3556 septemtrionibus
753 3471 823 3552 sita,
847 3470 996 3555 graphice
1019 3469 1170 3556 depingit.
1215 3471 1252 3534 In
1271 3491 1309 3535 ea
1331 3472 1427 3556 igitur
1450 3469 1657 3555 descriptione
1679 3477 1796 3535 terram
1818 3469 2017 3534 aGermanis
2041 3469 2130 3534 habi-

274 3579 373 3638 tatam
393 3573 546 3660 imprimis
568 3579 726 3658 spectasse
750 3594 823 3636 eum
845 3594 907 3638 non
929 3573 1030 3636 solum
1054 3574 1210 3658 colligitur
1232 3594 1274 3638 ex
1296 3593 1344 3656 eo,
1367 3572 1552 3658 quodnives
1574 3579 1669 3657 atque
1691 3572 1811 3656 frigora
1827 3591 1936 3636 earum
1958 3573 2131 3658 regionum,

274 3697 355 3764 quae
372 3675 515 3740 Histrum
537 3677 705 3760 attingunt,
726 3676 826 3739 multa
849 3695 921 3740 cum
943 3683 1010 3740 arte
1026 3683 1259 3758 commemorat,
1282 3675 1448 3740 sedetiam
1470 3676 1510 3739 de
1526 3676 1687 3740 hominum
1709 3675 1847 3760 ingenio,
1871 3675 2022 3758 moribus,
2045 3677 2131 3740 victu

274 3781 422 3865 cultuque
444 3799 483 3842 ea
504 3779 606 3861 affert,
647 3798 727 3864 quae
750 3799 858 3842 rursus
893 3801 964 3844 eum
985 3779 1085 3844 Taciti
1108 3780 1148 3844 de
1171 3780 1339 3844 Germanis
1369 3780 1545 3844 testimonio
1568 3779 1699 3843 mirifice
1722 3780 1928 3842 consentiunt.
1977 3779 2027 3842 lta
2049 3781 2131 3842 enim

274 3883 437 3967 Vergilius
462 3880 579 3967 Georg.
603 3882 662 3964 Ill,
686 3883 748 3944 349
771 3903 823 3966 sq:

683 4080 725 4091 -
748 4043 819 4118 Qua
842 4042 990 4128 Scythiae
1012 4051 1121 4130 gentes
1144 4045 1345 4131 Maeotiaque
1368 4045 1454 4108 unda

684 4145 842 4210 Turbidus
865 4153 1066 4232 attorquens
1088 4149 1240 4212 flaventes
1262 4149 1371 4212 Hister
1395 4168 1507 4212 arenas

681 4283 750 4348 Illic
773 4284 880 4347 clausa
901 4289 1009 4347 tenent
1031 4285 1161 4349 stabulis
1184 4291 1385 4367 armenta,
1408 4305 1466 4348 nec
1489 4287 1583 4369 ullae,

683 4386 750 4450 Aut
771 4386 922 4450 herbae
945 4405 1082 4472 campe
1104 4387 1259 4472 adparent
1281 4395 1336 4450 aut
1357 4387 1498 4452 arbori
1523 4389 1648 4454 frondes

684 4519 816 4605 Semper
837 4521 991 4606 hiems,
1014 4545 1138 4610 semper
1160 4526 1307 4612 spirantis
1330 4525 1492 4610 frigora
1514 4524 1610 4590 Cauri
1634 4572 1804 4590 ......

493 4625 533 4688 V.
557 4625 637 4690 376:
682 4623 748 4710 Ipsi
770 4625 807 4688 in
831 4623 1007 4690 defossis
1030 4627 1231 4712 specubus
1254 4648 1396 4692 secura
1419 4628 1491 4692 sub
1515 4629 1580 4692 alta

683 4725 779 4791 Otia
801 4735 926 4812 agunt
949 4735 1059 4792 terra
1081 4739 1292 4816 congestaque
1314 4731 1429 4794 robora
1451 4737 1644 4816 totasque

682 4828 863 4894 Advolvere
886 4831 991 4896 focis
1013 4833 1113 4896 ulmos
1136 4834 1304 4920 ignique
1329 4832 1487 4898 dedere.

683 4931 745 4996 Hic
767 4939 922 4998 noctem
944 4935 1038 5000 ludo
1061 4935 1216 5000 ducunt
1240 4943 1271 5002 et
1292 4937 1442 5023 pocula
1464 4937 1539 5000 laeti

375 5143 394 5205 ¹)
430 5141 463 5192 R.
481 5139 601 5206 Koeplc.
631 5138 736 5206 boulido
756 5138 924 5208 fioribuuqrn
943 5137 1046 5204 (Sertis
1076 5137 1152 5206 1859)
1184 5139 1221 5195 Θ.
1241 5140 1384 5195 208-226.
1429 5139 1451 5209 ²)
1471 5143 1520 5194 Tb.
1539 5140 1728 5200 Wiedemann,
1756 5137 1923 5207 {terimurque
1942 5153 1983 5206 gur
2002 5137 2126 5206 beutlrteu

273 5227 414 5294 Saldibtr,
435 5227 635 5296 berouagrqrbrn
653 5239 700 5280 cce
719 5229 761 5279 ber
774 5225 923 5286 liliabant
942 5225 1087 5293 tillodlttru
1108 5225 1266 5292 bommltfion
1285 5227 1332 5292 1v,
1355 5229 1375 5279 l.
1396 5225 1489 5295 (raet)
1510 5225 1546 5281 Θ.
1568 5225 1624 5275 171.
1660 5223 1683 5292 ³)
1702 5221 1825 5278 Sallustii
1838 5223 1926 5290 Crispi
1943 5225 2124 5277 Historiarum

271 5316 424 5383 fragmenta
441 5312 483 5363 ed.
504 5314 546 5364 Fr.
566 5313 640 5365 Kritz
658 5326 723 5381 pag.
744 5312 803 5364 2³8.
839 5313 927 5365 Taciti
946 5311 1091 5364 Germania
1110 5313 1151 5362 ed.
1171 5313 1246 5363 Kritz
1265 5312 1461 5382 prolegomena
1479 5325 1543 5380 pag.
1564 5311 1579 5366 6
1598 5327 1625 5361 u·
1645 5313 1669 5363 7.
