4960 6110
396 1279 499 1376 Quo
525 1281 627 1360 iuro
654 1278 910 1362 Sallustius
938 1280 1101 1362 Tacito
1129 1280 1181 1359 iu
1207 1279 1534 1360 describendis
1562 1275 1907 1360 Germanorum
1933 1281 2144 1362 moribus

992 1463 1158 1544 auctor
1184 1461 1331 1544 fuisse
1358 1465 1567 1566 putetur.

444 1787 537 1863 Quod
566 1790 755 1873 scriptorum
784 1807 911 1852 suorum
946 1791 1050 1854 nescio
1082 1809 1142 1875 quo
1172 1789 1241 1854 loco
1275 1789 1469 1854 Niebuhrius
1499 1791 1552 1854 ille
1587 1789 1783 1855 doctissimus
1813 1789 1852 1854 de
1883 1791 2069 1876 quibusdam
2091 1813 2197 1856 rorum

341 1891 545 1977 scriptoribus
567 1911 665 1976 agens
686 1891 866 1976 prolocutus
889 1898 946 1975 est,
978 1895 1031 1979 qui
1053 1893 1123 1958 luce
1146 1892 1242 1956 dubia
1264 1913 1392 1960 cernere
1414 1895 1522 1978 velint,
1553 1895 1591 1958 iis
1614 1895 1715 1959 aciem
1737 1896 1899 1959 oculorum
1920 1917 1984 1960 non
2007 1899 2107 1961 solum
2131 1921 2197 1964 cor-

342 1995 426 2080 poris
449 1993 621 2058 sedetiam
642 1994 755 2056 mentis
777 1995 965 2080 praestringi
990 2003 1084 2082 atque
1107 1996 1260 2080 hebetari,
1283 1997 1316 2060 id
1340 1997 1379 2060 de
1394 2005 1462 2062 arte
1486 1997 1713 2084 disciplinaque
1736 1999 1936 2084 philologica,
1959 2021 2040 2085 quae
2055 2007 2197 2066 veterum

342 2107 504 2166 auctorum
525 2099 622 2164 libros
644 2105 794 2186 tanquam
816 2101 990 2182 materiam,
1028 2101 1060 2164 in
1083 2123 1145 2187 qua
1167 2101 1329 2164 scientiam
1359 2101 1595 2188 doctrinamque
1617 2101 1669 2165 vel
1700 2103 1796 2165 etiam
1819 2102 1952 2165 artificia
1974 2124 2032 2166 sua
2055 2104 2197 2168 ostendat

342 2213 373 2270 et
395 2213 552 2288 exerceat,
590 2203 650 2268 sibi
678 2203 835 2268 subiectos
865 2203 970 2287 habet,
1005 2203 1116 2268 eodem
1144 2205 1210 2268 fere
1243 2205 1311 2268 iure
1341 2203 1403 2268 dici
1424 2225 1516 2290 posse
1546 2205 1621 2268 mihi
1644 2203 1776 2268 videtur.
1838 2203 1922 2268 Nam
1945 2207 2003 2269 etsi
2025 2209 2197 2274 maximam

340 2311 509 2374 utilitatem
531 2329 549 2372 e
571 2314 713 2372 veterum
744 2309 930 2394 scriptorum
952 2305 1054 2372 studio
1088 2309 1276 2394 percipimus
1299 2305 1340 2371 ad
1364 2307 1460 2371 animi
1482 2309 1657 2394 montisque
1688 2307 1807 2370 cultum
1830 2313 1861 2370 et
1884 2309 1967 2371 vitae
1990 2329 2081 2374 usum
2103 2317 2197 2398 atque

238 2423 241 2428 '
341 2411 444 2477 studio
467 2413 521 2476 illo
544 2433 607 2476 non
628 2412 729 2474 solum
752 2410 885 2476 eruditio
908 2419 1117 2498 comparatur,
1149 2409 1214 2492 sed,
1252 2409 1334 2497 quod
1357 2411 1456 2474 multo
1486 2411 1586 2475 maius
1610 2415 1667 2492 est,
1701 2415 1747 2474 tot
1769 2411 1945 2496 sapientum
1968 2417 2143 2501 praeceptis
2167 2423 2198 2479 et

341 2511 495 2601 exemplis
518 2515 640 2579 animus
668 2516 752 2578 omni
773 2513 1008 2600 perturbatione
1031 2515 1181 2579 liberatus
1210 2515 1388 2578 universam
1410 2535 1447 2578 ac
1470 2515 1602 2578 solidam
1623 2516 1771 2578 virtutem
1794 2515 2004 2600 amplectitur,
2028 2521 2198 2582 contemnit

340 2641 392 2684 res
414 2619 516 2683 firmas
541 2625 572 2683 et
593 2619 737 2701 humiles,
769 2617 810 2682 ad
839 2617 1066 2682 humanitatem
1094 2616 1228 2703 denique
1251 2616 1427 2700 adducitur,
1465 2639 1560 2704 quam
1582 2617 1720 2682 Wolfius
1744 2619 1797 2682 ille
1838 2617 1975 2704 ,primus
1998 2620 2194 2706 philologus“

339 2723 584 2810 pulcherrimum
613 2723 804 2808 philologiae
836 2721 926 2808 quasi
955 2723 1064 2784 florem
1094 2741 1162 2810 esse
1193 2719 1278 2804 dicit,
1312 2726 1418 2785 tamen
1451 2721 1604 2804 omnibus,
1623 2721 1692 2808 ,qui
1714 2721 1759 2784 illi
1782 2720 1885 2785 studio
1919 2743 2048 2806 operam
2070 2731 2196 2806 navant,

339 2827 479 2912 pericula
501 2824 657 2912 quaedam
684 2823 878 2912 impendere,
918 2823 950 2887 in
973 2845 1053 2910 quae
1082 2822 1162 2887 illud
1190 2821 1357 2887 Niebuhrii
1389 2823 1487 2906 cadit,
1520 2825 1607 2887 nullo
1629 2823 1722 2889 modo
1745 2825 1856 2909 negari
1878 2831 1992 2909 potest.
2037 2825 2196 2913 Philologi

340 2931 423 2994 enim
445 2929 544 3012 obliti,
566 2933 767 2994 monumenta
788 2927 926 3013 antiqua,
957 2947 1038 3013 quae
1060 2945 1162 3012 pauca
1184 2946 1241 3011 per
1271 2925 1368 2990 medii
1393 2927 1465 2990 aevi
1494 2925 1674 2990 barbariem
1697 2947 1733 2990 ao
1756 2927 1881 2990 turbam
1904 2947 1944 2990 ex
1966 2927 2118 2994 librorum
2141 2931 2195 2996 illo

338 3045 489 3119 tanquam
509 3029 675 3118 naufragio
697 3031 786 3094 nobis
805 3036 934 3124 ,servata
955 3035 1036 3110 sunt,
1067 3027 1245 3114 fragmenta
1267 3035 1388 3093 tantum
1411 3035 1442 3092 et
1467 3035 1501 3093 ut
1524 3031 1569 3094 ita
1599 3029 1701 3094 dicam
1724 3029 1888 3094 nonnullos
1911 3031 2004 3094 flores
2027 3053 2064 3095 ac
2086 3053 2190 3098 ramos

339 3153 409 3201 esse
431 3137 660 3222 pulcherrimae
682 3133 764 3198 illius
796 3133 917 3198 arboris
939 3133 971 3196 in
994 3131 1129 3196 Graecia
1151 3139 1182 3196 et
1205 3133 1298 3196 ltalia
1320 3139 1420 3214 ortae,
1453 3153 1525 3196 oum
1546 3134 1580 3196 in
1602 3133 1652 3196 his
1673 3133 1859 3218 fragmentis
1882 3135 1997 3216 omnia,
2021 3133 2060 3198 de
2083 3137 2197 3222 quibus

338 3261 373 3304 se
395 3240 501 3304 doceri
528 3240 666 3324 cupiunt,
693 3237 827 3301 inveniri
849 3256 941 3322 posse
964 3235 1163 3316 arbitrentur,
1188 3234 1351 3320 adragas
1375 3236 1537 3320 opiniones
1567 3236 1747 3322 inanesque·
1760 3237 1954 3301 coniecturas
1990 3237 2197 3307 adducuntur.

338 3341 445 3428 Atque
467 3341 551 3427 quod
580 3341 741 3405 homiuum
770 3340 865 3404 animi
886 3341 1002 3404 mirum
1025 3339 1057 3403 in
1079 3337 1206 3402 modum
1236 3339 1324 3402 novis
1353 3339 1447 3402 rebus
1470 3343 1502 3401 et
1529 3339 1686 3402 inusitatis
1717 3340 1882 3424 capiuntur
1906 3347 1938 3404 et
1968 3345 2125 3427 tenentur,
2149 3366 2197 3428 ea,

340 3466 421 3532 quae
443 3442 635 3509 coniiciendo
657 3445 852 3525 invenerunt,
876 3443 1017 3529 quamvis
1040 3462 1091 3505 res
1120 3443 1189 3528 ipsa
1210 3443 1296 3506 nullo
1318 3441 1410 3506 modo
1434 3440 1475 3505 ad
1503 3441 1656 3528 liquidum
1678 3440 1807 3528 perduci
1830 3443 1936 3528 possit,
1969 3465 2026 3528 pro
2050 3448 2144 3510 certis
2167 3453 2199 3511 et

339 3547 511 3636 exploratis
532 3547 652 3611 habeut
674 3553 706 3611 et
727 3553 914 3634 proponunt,
937 3551 1095 3632 postremo
1117 3545 1181 3608 suis
1203 3546 1343 3630 ipsorum
1365 3547 1551 3610 coniecturis
1573 3545 1798 3610 fidemhabere
1821 3548 1937 3610 assueti
1960 3567 2036 3612 vera
2058 3571 2077 3613 a
2100 3551 2197 3636 falsis,

339 3659 426 3715 certa
447 3651 488 3715 ab
510 3651 645 3732 incertis,
668 3650 851 3714 verisimilia
873 3649 913 3713 ab
936 3649 983 3731 iis,
1018 3667 1099 3734 quae
1122 3649 1191 3711 fieri
1218 3667 1280 3712 non
1301 3655 1442 3734 possunt,
1476 3647 1670 3734 distinguere
1694 3648 1867 3713 dediscunt.
1912 3649 2075 3736 Neglectis
2100 3655 2196 3740 igitur

339 3757 432 3818 certis
454 3756 605 3836 terminis,
628 3753 740 3840 quibus
763 3772 815 3816 ars
838 3759 945 3816 nostra
966 3761 1078 3838 saepta
1100 3757 1157 3833 est,
1180 3757 1332 3837 petentes,
1356 3751 1439 3838 quod
1462 3759 1509 3816 est
1532 3755 1673 3836 vetitum,
1697 3773 1744 3835 ea,
1769 3773 1849 3839 quae
1872 3761 2003 3839 possunt
2028 3757 2144 3841 aperiri
2167 3763 2198 3822 et

339 3857 507 3945 explicari,
530 3860 697 3944 explorare
720 3859 879 3921 nonsatis
902 3855 1031 3938 habent,
1054 3855 1110 3919 sed
1132 3856 1185 3919 illo
1208 3857 1275 3940 ipso
1299 3855 1401 3920 studio
1423 3877 1506 3920 nova
1527 3855 1706 3941 reperiendi
1729 3855 1856 3920 adducti
1879 3877 1920 3920 ex
1943 3857 2002 3921 bac
2026 3879 2099 3922 arco
2122 3861 2198 3923 satis

339 3961 460 4024 munita
482 3966 631 4045 tanquam
653 3961 813 4024 evolantes
836 3961 968 4024 caeratis
991 3959 1103 4044 pennis
1125 3960 1157 4022 in
1180 3960 1298 4023 acriam
1321 3959 1461 4023 inanium
1498 3961 1679 4044 opinionum
1700 3959 1862 4045 regionem
1884 3979 1918 4022 se
1941 3962 2114 4044 conferunt,
2144 3963 2198 4028 ubi

339 4085 402 4127 non
423 4064 524 4126 solum
545 4069 668 4148 tempus
690 4065 772 4148 perit
794 4065 973 4150 ingeniique
996 4064 1080 4127 vires
1101 4067 1254 4143 teruntur,
1278 4061 1333 4124 sed
1356 4063 1449 4126 etiam
1472 4083 1535 4126 non
1557 4084 1628 4128 raro
1642 4065 1755 4149 pennis
1778 4063 1954 4149 liquefactis
1976 4063 2068 4130 homo
2091 4065 2198 4130 audax

340 4167 467 4250 labitur,
490 4167 584 4230 alicui
606 4167 704 4232 falsae
733 4169 907 4252 sapientiae
929 4167 1093 4252 inanisque
1116 4165 1275 4230 doctrinae
1298 4165 1461 4250 specimini
1482 4185 1597 4230 nomen
1619 4165 1759 4230 daturus.

443 4287 494 4350 Ex
517 4307 579 4372 qua
601 4307 682 4350 nova
704 4287 883 4351 inveniendi
905 4287 1051 4374 cupidine
1074 4287 1256 4352 incredibile
1279 4287 1364 4352 dictu
1382 4295 1440 4370 est,
1463 4293 1539 4374 quot
1561 4309 1656 4374 quam
1676 4307 1779 4353 vanae
1801 4293 1833 4352 et
1855 4294 2015 4353 contortae
2038 4291 2199 4374 opiniones

341 4397 372 4453 ct
394 4391 590 4454 coniecturae
612 4390 818 4453 manaverint.
865 4389 1023 4476 Imprimis
1053 4412 1128 4455 vero
1151 4390 1192 4454 ad
1215 4390 1292 4454 duas
1322 4392 1399 4455 artis
1434 4392 1561 4455 criticae
1583 4393 1720 4456 rationes
1743 4413 1791 4474 ea,
1814 4413 1894 4478 quae
1917 4391 1994 4474 dixi,
2029 4394 2197 4478 pertinent.

341 4493 481 4568 Quarum
503 4495 556 4578 qui
579 4493 711 4556 alteram
733 4500 915 4578 sequuntur,
938 4495 970 4557 in
991 4495 1080 4558 libris
1092 4501 1234 4558 veterum
1256 4495 1445 4578 scriptorum
1467 4501 1521 4558 aut
1538 4495 1666 4560 lacunas
1689 4502 1744 4559 aut
1766 4495 2022 4579 interpolationes
2045 4495 2199 4582 indagare

339 4595 476 4676 student,
498 4593 611 4680 quibus
634 4595 761 4680 repletis
786 4596 837 4658 vel
860 4595 943 4659 elisis
971 4617 1198 4682 saepenumero
1220 4597 1266 4679 fit,
1297 4603 1331 4660 ut
1353 4597 1531 4661 arbitrariis
1554 4598 1679 4662 illorum
1709 4597 1907 4684 opinionibus
1938 4599 2079 4683 ipsorum
2101 4600 2198 4684 scrip·

340 4706 443 4763 torum
464 4696 564 4762 verba
591 4705 685 4784 atque
707 4700 881 4762 sententiae
905 4699 1007 4784 potius
1029 4700 1230 4785 inquinantur
1252 4719 1346 4784 quam
1368 4699 1532 4786 inquinata
1555 4701 1587 4764 in
1616 4703 1727 4766 melius
1751 4708 1918 4766 mutentur.
1950 4701 1995 4767 Ut
2018 4703 2199 4788 exemplum

340 4803 481 4883 afferam,
504 4821 598 4864 nemo
620 4803 686 4864 fere
709 4807 767 4883 est,
791 4803 866 4886 quin
887 4803 1016 4884 nesciat,
1040 4823 1100 4888 quo
1123 4801 1216 4865 modo
1239 4823 1339 4888 nuper
1362 4824 1381 4866 a
1404 4801 1592 4889 quibusdam
1613 4805 1790 4869 hominibus
1813 4804 1914 4869 doctis
1942 4803 2095 4869 Horatius
2118 4811 2199 4868 trac·

341 4910 424 4968 tatus
446 4906 495 4969 sit.
542 4905 739 4990 Quamquam
762 4902 803 4967 ab
834 4905 894 4968 illis
917 4906 1015 4969 multa
1045 4905 1168 4990 prolata
1190 4911 1271 4987 sunt,
1308 4907 1341 4968 in
1364 4905 1477 4992 quibus
1500 4907 1618 4992 ingenii
1640 4913 1735 4993 atque
1762 4906 1872 4992 judicii
1894 4927 2027 4971 acumen
2049 4907 2198 5002 cernitur,

340 5012 445 5071 tamen
468 5015 598 5072 eventis
621 5027 736 5092 operae
760 5007 792 5070 in
814 5007 873 5070 hac
896 5015 964 5072 arte
995 5011 1105 5072 critica
1127 5017 1330 5096 consumptae
1359 5009 1454 5094 plane
1477 5032 1539 5075 non
1561 5010 1740 5096 respondet.
1792 5011 1859 5076 Imo
1882 5032 1957 5075 vero
1980 5012 2121 5075 carmina
2143 5012 2199 5075 illa

307 5157 309 5162 ,
340 5110 551 5194 pulcherrima
574 5131 669 5196 saepe
692 5107 872 5174 foedissime
906 5111 1086 5174 lacerantur
1108 5119 1203 5198 atque
1226 5133 1286 5198 quo
1320 5112 1425 5176 furore
1449 5113 1621 5178 Maenades
1643 5115 1717 5178 illae
1741 5113 1965 5178 famosissimae
1989 5113 2021 5176 in
2043 5113 2198 5178 Thraciae

340 5213 426 5276 silvis
449 5213 577 5298 Orphea
606 5215 747 5278 vocalem
778 5213 1007 5278 dilaniaverunt
1035 5215 1239 5302 membraque
1268 5223 1398 5280 cruenta
1430 5214 1531 5280 foedis
1568 5217 1712 5282 manibus
1751 5217 1950 5299 disiecerunt,
1985 5235 2022 5281 eo
2056 5219 2199 5282 saeviunt

341 5317 615 5404 interpolationum
637 5325 803 5383 venatores
825 5320 858 5384 in
880 5327 1007 5404 poetam
1030 5327 1062 5384 et
1084 5319 1178 5384 illud:
1206 5341 1287 5400 ,non
1308 5323 1408 5384 omnis
1431 5322 1565 5386 moriar“
1591 5343 1666 5386 mox
1689 5322 1813 5386 irritum
1836 5321 1946 5385 fecisse
1969 5319 2124 5386 videntur.
