4960 6110
1163 651 1182 718 6

1096 751 1247 760 -μῆ

245 859 454 924 innocentiam
476 867 569 946 atque
592 863 805 946 integritatem
826 884 975 928 revocare
997 864 1103 928 studet
1125 871 1228 950 poeta.
1285 864 1466 949 Expectans
1496 863 1564 925 fore
1586 867 1622 925 ut
1645 861 1762 926 Caesar
1793 863 1889 926 finitis
1912 863 2003 926 bellis
2027 862 2100 926 civi·

245 962 327 1026 libus
349 964 381 1026 in
409 985 530 1028 morum
562 965 813 1056 emendationem
841 973 914 1030 aute
937 968 1042 1030 omnia
1063 967 1236 1050 incumbat,
1267 965 1419 1030 Horatius
1442 987 1537 1050 quam
1565 967 1703 1050 corrupti
1724 967 1930 1052 perversique
1952 967 2024 1048 sint,
2047 965 2101 1029 de·

245 1071 397 1129 monstrat
419 1072 451 1129 et
472 1067 617 1130 remediis
640 1069 736 1131 etiam
758 1069 902 1132 violentis
924 1071 1089 1154 pristinam
1110 1071 1344 1155 simplieitatem
1353 1069 1581 1134 restituendam
1603 1089 1671 1133 esse
1694 1075 1810 1133 censet.
1846 1069 1914 1132 Iam
1937 1073 2102 1154 corruptae

245 1171 443 1254 popularium
472 1191 598 1234 suorum
627 1172 709 1234 vitae
743 1179 872 1236 venusta
895 1174 1024 1258 opponit
1063 1174 1330 1238 innocentissimos
1367 1171 1556 1256 Scptharum
1586 1171 1803 1256 Getarumque
1837 1192 1950 1253 mores,
1989 1172 2101 1257 quibus

245 1273 385 1356 plaustra
406 1271 497 1337 sedes
519 1281 591 1337 sunt
613 1281 644 1337 et
665 1296 728 1338 non
755 1282 873 1340 metata
895 1277 1005 1361 iugera
1036 1276 1144 1360 fruges
1175 1276 1275 1340 libero
1307 1281 1552 1339 maturescentes
1574 1295 1676 1360 neque
1706 1277 1784 1338 certi
1803 1277 1950 1349 ,alieuius
1973 1275 2101 1356 domini,

246 1375 302 1438 sed
327 1377 420 1440 totius
442 1379 550 1462 populi
573 1398 752 1442 communes
774 1380 945 1464 proferunt.
1001 1379 1153 1444 Omnibus
1176 1381 1271 1464 igitur
1293 1398 1374 1463 quae
1396 1377 1437 1440 ab
1459 1377 1592 1441 Horatio
1615 1379 1743 1442 inventa
1764 1385 1838 1443 sunt
1858 1379 1996 1462 remotis,
2019 1381 2046 1443 si
2068 1382 2101 1444 in

246 1497 284 1540 ea
306 1483 436 1561 tantum,
467 1501 548 1564 quae
570 1479 611 1542 od
634 1480 787 1545 Getarum
808 1503 910 1546 mores
931 1488 1084 1568 spectant,
1107 1484 1245 1547 animum
1266 1480 1491 1545 intenderimus
1514 1487 1545 1544 et
1568 1501 1695 1544 carmen
1717 1502 1754 1545 eo
1777 1483 1905 1546 consilio
1928 1503 2001 1547 eum
2017 1503 2100 1546 com-

244 1583 383 1666 posuisse
406 1585 661 1667 concesserimus,
694 1591 730 1647 ut
751 1587 883 1670 integris
906 1586 1059 1650 Getarum
1081 1586 1220 1651 moribus
1248 1584 1413 1670 descriptis
1436 1590 1586 1671 tanquam
1608 1585 1770 1669 speculum
1792 1585 1965 1649 honestatis
1987 1606 2100 1670 propo·

245 1690 343 1767 neret,
376 1687 460 1772 quod
480 1689 636 1752 intuentes
657 1689 793 1753 Romani
816 1695 847 1753 et
870 1689 909 1754 de
931 1713 989 1753 sua
1011 1692 1211 1776 corruptione
1233 1695 1327 1776 atque
1358 1687 1582 1773 depravatione
1605 1686 1846 1752 admonerentur
1869 1695 1900 1750 et
1922 1685 1963 1751 ad
1984 1687 2101 1752 bonam

245 1787 369 1874 frugem
390 1811 424 1854 se
446 1793 631 1876 reciperent,
654 1793 740 1858 nullo
762 1793 855 1856 modo
878 1815 897 1857 a
918 1792 1009 1858 nobis
1032 1793 1168 1858 dubitari
1191 1794 1315 1879 poterit,
1339 1793 1414 1878 quiu
1437 1793 1518 1856 inter
1534 1791 1703 1855 Horatium
1718 1792 1871 1856 Getarum
1893 1791 2100 1875 Tacitumqua

246 1890 473 1982 Germanorum
495 1917 597 1959 mores
620 1895 846 1960 describentem
870 1917 992 1960 summa
1014 1898 1191 1960 inveniatur
1215 1894 1384 1960 similitudo
1408 1901 1501 1981 atque
1524 1896 1710 1958 coniunctio.
1767 1895 1851 1958 Nam
1874 1895 1900 1958 si
1923 1895 1992 1979 quis
2015 1895 2100 1958 locos

245 1995 431 2081 scriptorum
461 2001 635 2063 aceruatius
664 2001 744 2064 inter
774 2020 808 2063 se
837 2001 1013 2083 contulerit,
1035 2001 1146 2064 eadem
1170 2021 1240 2064 eum
1263 1999 1302 2063 de
1324 1999 1394 2062 aliis
1417 1999 1600 2063 robustum
1624 1997 1663 2062 de
1686 1999 1902 2084 coniugiorum
1924 2019 1984 2062 usu
2006 2005 2100 2083 atque

245 2103 366 2165 ratione
389 2103 429 2166 ab
452 2109 585 2188 utroque
607 2104 708 2168 relata
730 2123 799 2168 esse
821 2105 986 2190 intelliget.

348 2239 582 2325 Gomponantur
603 2241 698 2326 igitur
720 2242 752 2304 in
774 2263 872 2305 unum
893 2243 997 2306 locum
1018 2241 1097 2305 Hor.
1122 2240 1183 2304 Od.
1206 2241 1264 2324 ΙΙΙ,
1288 2242 1339 2322 24,
1366 2243 1405 2309 16
1430 2261 1476 2324 sq.

809 2415 873 2477 illic
895 2420 995 2477 matre
1019 2412 1198 2478 carentibus

808 2517 962 2602 privignis
984 2517 1095 2580 mulier·
1117 2518 1271 2600 temperat
1293 2515 1440 2576 innocens

810 2641 881 2683 nec
904 2619 1048 2683 dotata
1070 2619 1152 2702 regit
1174 2618 1305 2680 virum

810 2721 966 2786 Coniux
988 2742 1046 2786 nec
1068 2720 1166 2784 nitido
1189 2719 1258 2784 fidit
1280 2717 1475 2782 adultero

808 2903 887 2967 Dos
910 2909 957 2966 est
979 2923 1094 2986 magna
1116 2899 1348 2985 parentium

808 3007 907 3070 virtus
930 3011 961 3068 ct
983 3009 1164 3067 metuens
1187 3003 1364 3068 alterius
1388 3003 1468 3066 viri

810 3115 920 3172 corto
943 3105 1111 3171 foedare
1134 3107 1259 3170 castitas

810 3219 841 3276 et
861 3231 994 3296 peccare
1015 3210 1104 3274 nefas
1126 3214 1181 3273 aut
1202 3209 1377 3294 pretium
1399 3213 1446 3271 est
1468 3207 1557 3270 mori.

353 3395 479 3478 Confer,
501 3413 582 3481 quac
603 3395 750 3479 leguntur
773 3391 856 3477 apud
878 3390 1041 3454 Tacitum:

244 3526 350 3590 Germ.
375 3527 425 3607 18,
448 3525 483 3588 2:
528 3523 662 3587 dotem
683 3543 760 3586 non
783 3541 883 3584 uxor
905 3519 1069 3600 marito,
1092 3517 1148 3582 sed
1170 3519 1262 3582 uxori
1284 3517 1414 3580 maritus
1437 3515 1548 3598 offert3
1572 3516 1729 3578 intersunt
1750 3521 1956 3600 parentes.

243 3669 314 3711 cum
336 3665 417 3709 vers.
441 3645 567 3708 20-24
590 3643 630 3706 ci.
656 3644 705 3724 18,
732 3647 760 3709 1.
782 3640 973 3726 paucissima
994 3639 1026 3701 in
1048 3645 1113 3700 tam
1143 3657 1309 3700 numerosa
1332 3641 1426 3719 gente
1449 3634 1680 3716 adulteria,
1704 3655 1835 3720 quorum
1857 3653 1986 3719 poena
2007 3651 2098 3716 prae·

448 3769 519 3812 sens
543 3796 551 3810 .
576 3795 583 3810 .
607 3795 614 3810 .
640 3747 690 3826 19,
713 3745 743 3806 2.
766 3743 946 3829 publicatae
980 3740 1149 3826 pudicitiae
1178 3739 1265 3802 nulla
1287 3739 1380 3801 venia
1403 3785 1410 3801 .
1436 3785 1475 3802 ..
1507 3759 1600 3802 nemo
1633 3739 1716 3802 enim
1750 3739 1815 3802 illio
1839 3737 1915 3800 vitia
1937 3733 2018 3799 ridet
2040 3753 2097 3797 nec

448 3870 649 3936 corrumpere
671 3853 703 3911 et
725 3846 882 3930 corrumpi
904 3845 1067 3908 saeculum
1090 3847 1230 3906 vocatur.

243 3995 315 4039 cum
336 3995 417 4038 vers.
440 3974 478 4037 21
505 3971 544 4035 cf.
568 3973 619 4052 20,
642 3972 672 4032 2.
695 3967 795 4031 donec
817 3971 905 4029 aetas
926 3970 1053 4049 separet
1074 3965 1236 4047 ingenuos,
1259 3963 1392 4024 virtus
1414 3968 1575 4045 agnoscat.
1599 3999 1639 4008 -

245 4133 286 4144 -
308 4099 338 4159 3.
360 4095 474 4160 robora
495 4097 703 4179 pareutum
724 4087 816 4152 liberi
838 4086 987 4150 referunt.
1021 4085 1156 4148 feminac
1179 4083 1276 4147 semei
1298 4089 1421 4145 tautum
1443 4083 1649 4147 matrimonio
1671 4083 1854 4166 iunguntur.

244 4239 313 4282 cum
335 4237 417 4280 vers.
440 4216 566 4280 22-23
589 4212 628 4274 cf.
654 4213 703 4291 19,
727 4211 756 4272 3.
789 4207 901 4270 melius
931 4203 1057 4290 quidem
1080 4203 1183 4267 adhuc
1206 4222 1264 4266 eae
1287 4203 1439 4284 civitates,
1476 4201 1644 4288 inquibus
1669 4207 1791 4266 tantum
1813 4199 1953 4284 virgines
1977 4192 2100 4258 nubunt

449 4325 480 4382 et
502 4337 584 4380 cum
606 4332 676 4399 spe
698 4317 878 4394 votoque
901 4308 1042 4371 uxoris
1065 4307 1192 4370 semel
1225 4305 1418 4388 transigitur,
1442 4306 1487 4368 sic
1509 4326 1629 4368 unum
1652 4305 1810 4390 accipiunt
1831 4301 2018 4366 maritum
2038 4315 2099 4380 quo

447 4419 540 4486 modo
562 4438 659 4482 unum
680 4434 793 4499 corpus
815 4431 971 4496 unamque
993 4413 1100 4492 vitam,
1122 4431 1162 4473 ne
1184 4410 1250 4472 ulla
1271 4409 1419 4493 cogitatio
1442 4409 1537 4490 ultra,
1561 4428 1601 4471 ue
1627 4408 1749 4492 longior
1772 4405 1937 4491 cupiditas,
1970 4421 2010 4464 ne
2031 4405 2099 4463 tan-

448 4545 542 4612 quam
564 4522 721 4600 maritum,
744 4515 799 4582 sed
821 4521 970 4600 tanquam
992 4513 1302 4578 matrimonium
1324 4515 1442 4574 ament.

345 4671 482 4742 Proinde
505 4671 612 4736 confer
634 4689 705 4732 cum
727 4663 805 4730 Hor.
829 4681 910 4724 vers.
935 4659 975 4722 35

900 4814 983 4888 Quid
1006 4817 1121 4901 leges
1144 4813 1234 4877 sine
1257 4811 1436 4876 moribus

883 4940 1004 4998 ‚vanae
1026 4917 1268 5004 proficiunt.

243 5099 318 5164 Tac.
342 5099 448 5163 Germ.
474 5099 523 5180 19,
547 5097 587 5160 1τ
610 5097 742 5181 plusque
764 5093 808 5156 ibi
830 5093 904 5158 boni
928 5113 1031 5157 mores
1054 5091 1170 5172 valent,
1193 5109 1288 5174 quarn
1311 5087 1387 5152 alibi
1410 5087 1511 5150 bonae
1533 5083 1632 5167 leges.

345 5219 573 5283 Adhortatioue
596 5237 688 5303 quam
711 5215 752 5280 ad
774 5215 858 5279 cives
880 5236 953 5278 suos
976 5213 1069 5277 vertit
1090 5219 1184 5296 poeta
1207 5207 1430 5294 praetermissa
1452 5225 1534 5268 vers.
1558 5205 1599 5264 54
1623 5221 1669 5284 sq.
1693 5197 1782 5262 nobis
1805 5193 2007 5280 comparandi
2029 5197 2101 5257 sunt

244 5371 286 5380 -
307 5332 405 5396 nescit
428 5351 508 5417 equo
531 5329 617 5393 rudis
