4960 6110
1221 587 1264 656 12

1163 687 1316 696 —-

419 803 569 888 Magnam
603 801 837 866 similitudinem
881 821 949 864 esse
985 802 1066 865 inter
1103 801 1287 904 Sallustium
1333 809 1365 866 et
1405 803 1559 886 Tacitum,
1604 803 1687 889 quod
1725 805 1836 867 attinet
1880 805 1920 868 ad
1957 806 2089 870 formam
2131 809 2190 873 di-

312 907 412 990 cendi,
450 905 619 992 cogitandi,
667 903 917 988 argumentandi,
955 905 1097 995 carnibus
1130 907 1183 990 qui
1216 927 1277 969 uno
1315 913 1346 970 et
1378 909 1522 970 continuo
1547 913 1655 970 tenore
1678 928 1785 970 rursus
1807 913 1975 994 utrumque
1997 911 2189 995 relegendo

312 1013 513 1092 iteraverunt,
537 1011 612 1072 satis
635 1014 681 1071 est
703 1013 821 1070 notum.
858 1007 1028 1071 Brevitatis
1058 1007 1274 1072 studiosissimi
1296 1031 1455 1095 nunquam
1478 1011 1619 1095 pluribus
1642 1012 1746 1074 verbis
1769 1017 1908 1093 utuntur,
1939 1032 2032 1096 quam
2056 1015 2186 1098 quibus

310 1115 423 1178 adres
446 1121 591 1179 accurate
614 1111 824 1196 designandas
846 1133 923 1196 opus
946 1119 1004 1192 est,
1027 1133 1216 1197 quamquam
1245 1133 1353 1176 eorum
1368 1114 1516 1194 brevitas
1539 1115 1602 1178 ianr
1618 1115 1776 1179 veteribus
1793 1117 1952 1181 intellecta
1975 1123 2006 1179 ct
2025 1117 2178 1204 laudata,

309 1240 371 1283 non
393 1219 494 1304 magis
516 1219 548 1280 in
571 1216 675 1280 verbis
698 1215 844 1295 cernitur,
867 1235 962 1299 quarn
984 1216 1016 1277 in
1037 1221 1179 1279 coartata
1202 1222 1233 1278 et
1247 1237 1357 1302 pressa
1372 1237 1477 1279 rerum
1499 1217 1699 1300 narratioue3
1723 1221 1844 1283 omissis
1875 1221 1958 1284 euim
1984 1221 2175 1305 levioribus,

309 1344 389 1407 quae
413 1323 588 1384 velminus
612 1319 741 1382 adrem
771 1320 930 1404 pertinent
963 1319 1015 1382 rel
1038 1340 1057 1382 a
1080 1320 1187 1404 sagaci
1210 1326 1241 1382 et
1263 1318 1411 1404 prudenti
1447 1321 1565 1384 lectore
1600 1321 1692 1384 facilc
1729 1323 1955 1407 intelliguntur,
1992 1326 2175 1408 potioribus

308 1427 402 1490 robus
425 1447 496 1489 cum
519 1445 594 1487 cura
615 1423 770 1504 insistunt,
805 1424 950 1486 celeriter
972 1424 1005 1485 in
1027 1421 1184 1485 narrando
1207 1422 1453 1508 progrediuntur
1477 1430 1508 1486 et
1530 1423 1715 1488 iudiciorum
1737 1427 1915 1508 severitate,
1939 1429 2167 1496 sententiarum

308 1529 486 1610 crebritate,
522 1527 691 1590 verborum
727 1525 866 1610 pondere
897 1525 1082 1610 dignitatern
1119 1527 1251 1589 orationi
1273 1529 1318 1588 ita
1340 1527 1516 1608 conciliant,
1552 1533 1710 1614 utusque
1734 1529 1991 1614 obseurancque
2015 1531 2162 1616 impedita

307 1633 430 1696 eradat.
476 1630 563 1693 Sicut
585 1637 715 1714 uterque
745 1630 870 1692 tristitia
892 1627 931 1691 de
961 1629 1154 1714 reipublicae
1183 1631 1355 1693 corruentis
1386 1637 1470 1694 statu
1493 1653 1530 1694 ac
1553 1630 1592 1693 de
1624 1633 1779 1716 corruptis
1803 1633 1918 1696 civium
1941 1635 2088 1717 moribus,
2118 1635 2155 1702 de

306 1737 401 1800 nimio
424 1733 575 1819 pecunias
599 1751 704 1795 amore
727 1739 820 1816 atque
858 1731 981 1817 imperii
1013 1731 1159 1817 cupidine
1181 1733 1316 1796 afflictus
1339 1739 1370 1796 et
1391 1734 1583 1818 reipublicae
1606 1735 1743 1816 interitu,
1789 1756 1881 1820 quern
1904 1738 2019 1800 instare
2043 1739 2156 1802 intelle·

306 1839 411 1924 gebat,
435 1837 514 1900 adeo
538 1840 709 1899 commotus
732 1842 789 1916 est,
827 1842 861 1898 ut
893 1836 988 1919 plane
1018 1837 1132 1898 omissa
1160 1857 1266 1900 rerum
1300 1839 1514 1922 praesentium
1548 1857 1623 1900 cura
1646 1859 1679 1900 se
1703 1837 1745 1901 ad
1779 1840 1997 1924 antiquitatem
2020 1841 2160 1924 referret,

240 1999 247 2014 ‚
304 1943 439 2023 virtutis,
476 1938 675 2020 fortitudinia,
715 1939 924 2002 continentiae
945 1939 1116 2024 *exemplis
1150 1961 1230 2026 quae
1259 1940 1376 2003 frustra
1405 1945 1471 2002 tum
1500 1939 1741 2023 quaerebantur,
1780 1941 2001 2026 abundantem,
2040 1946 2084 2007 ita
2106 1967 2162 2030 pro

305 2055 400 2130 tersa,
424 2046 571 2131 eleganti,
595 2051 715 2125 ornata,
737 2042 824 2106 molli
847 2043 986 2106 oratione
1007 2048 1158 2129 tanquam
1181 2045 1386 2128 corruptionis
1410 2048 1489 2105 teste
1512 2043 1675 2126 antiquam
1698 2044 1783 2106 illam
1807 2046 2049 2130 simplicitatem,
2091 2069 2162 2133 gra·

304 2153 443 2232 ritatem,
480 2151 543 2213 vim
574 2153 605 2212 et
627 2147 716 2232 quasi
749 2145 906 2231 quandam
936 2146 1083 2210 duritiem
1116 2167 1270 2232 quaerens
1292 2149 1324 2210 in
1347 2147 1539 2230 singulorum
1573 2145 1741 2208 verborum
1764 2155 1795 2210 et
1826 2149 2016 2213 locationum
2038 2152 2160 2216 usual)

304 2256 482 2340 aequalium
504 2249 729 2316 consuetudine
752 2270 788 2312 eo
810 2247 903 2313 modo
922 2248 1074 2332 discessit,
1097 2257 1132 2314 ut
1153 2251 1254 2314 multa
1264 2251 1369 2334 prisca
1391 2257 1422 2312 et
1438 2249 1563 2312 insolita
1586 2251 1781 2334 estantiquis
1805 2253 2009 2336 scriptoribus
2021 2256 2043 2335 ¹)
2068 2257 2162 2318 ascis-

303 2367 398 2441 ceret,
421 2359 484 2422 alia
505 2378 546 2420 ex
570 2355 763 2419 Graecorum
785 2374 844 2416 usu
867 2353 1068 2438 exprimeret,
1091 2355 1163 2435 alia,
1201 2374 1281 2438 quae
1303 2353 1487 2437 plerumque
1511 2353 1663 2416 translato
1686 2373 1781 2416 sensu
1804 2362 2008 2440 usurpantur,
2032 2360 2158 2442 proprio

302 2460 430 2545 sensu2)
452 2464 592 2546 poneret,
616 2479 676 2543 quo
699 2458 818 2522 factum
841 2465 897 2540 est,
919 2463 955 2519 ut
976 2458 1027 2520 vel
1048 2457 1201 2539 novata³l
1236 2458 1285 2520 vel
1308 2456 1439 2518 nimium
1462 2454 1619 2518 declinata
1642 2454 1818 2520 rideantur.
1855 2496 1894 2503 -
1927 2459 1990 2522 Sed
2015 2481 2096 2545 quae
2120 2461 2161 2526 ad

301 2567 454 2630 rationem
475 2565 663 2648 scriptorum
685 2563 717 2626 in
746 2563 927 2626 universum
948 2562 1114 2646 pertinent,
1148 2581 1243 2645 quum
1273 2560 1403 2644 longum
1426 2559 1465 2621 sit
1488 2561 1663 2622 accuratius
1687 2560 1746 2622 hoe
1771 2561 1838 2624 loco
1861 2563 2049 2646 perspicere,
2085 2565 2162 2628 mihi

301 2689 487 2733 eonsensum
509 2667 611 2751 ipsum
633 2665 814 2750 diligentius
847 2665 1048 2728 adumbranti
1072 2667 1104 2728 in
1137 2665 1276 2728 animum
1297 2665 1427 2743 occurit,
1464 2663 1547 2747 quod
1584 2663 1711 2726 Tacitus
1748 2665 1920 2748 praecipue
1944 2665 1976 2726 in
1999 2665 2160 2730 hominurn

301 2772 439 2836 moribus
462 2767 677 2833 describendis
699 2768 851 2854 quosdam
866 2769 1006 2832 Sallustii
1028 2769 1112 2832 locos
1134 2767 1246 2831 iisdem
1268 2767 1333 2830 fere
1349 2765 1452 2828 verbis
1477 2772 1601 2829 secutus
1627 2773 1658 2828 et
1680 2768 1842 2830 sententiis
1865 2789 1971 2832 rerum
1987 2771 2161 2834 narrationi

301 2875 423 2958 injectis
445 2878 477 2936 et
497 2871 750 2935 meditationibus
773 2871 814 2934 ad
835 2893 886 2935 res
908 2877 1013 2956 gestas
1036 2870 1275 2955 respicientibus
1297 2890 1372 2932 usus
1394 2875 1450 2932 est.
1496 2869 1545 2932 lta
1567 2870 1650 2932 enirn
1674 2869 1856 2933 Sallustius:

301 2993 473 3058 Germania
486 2995 536 3074 17,
562 2995 589 3055 1.
613 2997 719 3056 cetera
740 2993 886 3057 intecti
900 2999 981 3056 totos
997 2991 1063 3054 dies
1076 2993 1170 3076 juxta
1283 2989 1433 3053 Germani
1455 2991 1585 3074 [cetera]
1607 2991 1806 3054 intectum
1844 3012 1956 3076 corpus
1988 2993 2157 3056 renonibus

386 3097 490 3160 locum
512 3101 606 3180 atque
636 3096 741 3180 ignem
764 3101 871 3183 agunt.
905 3103 1017 3182 gerunt
1040 3101 1071 3158 et
1093 3096 1174 3159 fera·
1367 3098 1494 3178 tegunt,
1519 3099 1621 3156 vestes
1640 3093 1679 3156 de
1694 3094 1832 3178 pellibus
1848 3115 1980 3158 renones
1997 3103 2156 3160 vocantur.

385 3221 455 3263 rum
476 3191 586 3284 pelles.

300 3303 407 3366 Germ.
434 3305 483 3382 15,
509 3305 534 3368 1.
570 3303 640 3386 plus
673 3320 743 3386 per
779 3301 903 3364 otium
935 3303 1175 3386 transigunt
1280 3297 1474 3382 lngurtlra2,
1498 3301 1533 3362 4:
1557 3284 2155 3386 deditieorporisgaudiisper

385 3405 518 3470 dediti
541 3425 649 3468 somno
672 3405 813 3489 ciboque.
1365 3402 1503 3464 luxum
1527 3407 1622 3487 atque
1644 3403 1804 3488 ignaviam
1828 3411 1964 3467 aetatem
1987 3411 2126 3490 agunt.

1276 3504 1343 3568 Cat.
1382 3508 1412 3586 2,
1451 3509 1487 3569 8:
1542 3507 1631 3568 multi
1661 3507 1809 3570 mortales
1848 3505 1975 3571 dediti
2018 3512 2157 3574 ventri

1363 3615 1484 3693 atque
1507 3630 1642 3672 somno
1674 3607 1791 3673 indocti
1823 3612 1993 3696 incultique
2028 3613 2150 3676 vitam

1364 3712 1454 3774 sicuti
1477 3715 1715 3796 peregrinantes
1738 3721 1931 3798 transegere.

301 3817 487 3898 Germ,19.
532 3819 665 3902 plusque
688 3817 731 3882 ibi
764 3817 859 3881 boni
888 3837 1016 3880 mores
1039 3817 1176 3880 valent
1279 3816 1350 3881 Cat.
1374 3819 1410 3880 9:
1445 3818 1493 3880 ius
1515 3817 1692 3902 bonumque
1717 3817 1801 3902 apud
1825 3839 1877 3881 eos
1900 3838 1962 3881 non
1994 3818 2157 3902 legibus

387 3942 503 4006 quam
525 3921 600 3984 alibi
623 3921 753 3984 bonae
776 3923 902 4005 leges.
966 3943 971 3950 ·
1367 3921 1468 4004 magis
1491 3939 1602 4004 quam
1624 3927 1770 3985 natura
1793 3921 1971 3985 valebat.

406 4051 496 4114 Haec
519 4051 658 4114 breviter
680 4051 856 4136 significato
876 4051 978 4135 potius
1001 4069 1094 4134 quarn
1121 4055 1267 4111 accurate
1290 4048 1450 4112 declarata
1472 4049 1629 4112 sufficiant
1651 4049 1693 4114 ad
1716 4051 1869 4113 rationem
1892 4057 1986 4136 atque
2009 4051 2156 4136 conjunc·

300 4154 416 4217 tionem
438 4155 549 4218 horum
576 4154 763 4239 scriptorum
784 4153 1004 4234 indicandam
1037 4153 1113 4216 loeis
1136 4153 1241 4215 allatis
1265 4153 1326 4214 iarn
1350 4154 1502 4234 omnibus,
1534 4154 1587 4238 qui
1610 4155 1788 4237 incorrupte
1812 4155 1950 4218 sentiunt
1972 4156 2157 4239 integreque

299 4255 448 4337 indicant,
486 4256 733 4320 demonstratum
756 4263 804 4320 est
828 4257 936 4320 Tacito
968 4254 1054 4319 haud
1076 4254 1241 4339 indignum
1262 4257 1364 4318 visum
1386 4277 1454 4319 esse
1488 4258 1829 4340 praestantissimorum
1863 4257 2049 4340 scriptorum
2072 4257 2156 4319 locos

300 4361 416 4424 imitari
438 4365 470 4424 et
491 4361 631 4446 singulos
653 4359 820 4423 vorborum
842 4365 874 4423 et
896 4359 1121 4422 sententiarum
1143 4360 1232 4443 quasi
1261 4361 1353 4422 flores
1377 4367 1542 4444 excerptos
1565 4361 1651 4444 operi
1674 4381 1730 4424 suo
1754 4362 1894 4423 inserere
1917 4360 1961 4422 ita
1984 4363 2018 4420 ut
2040 4360 2158 4443 optima

300 4486 337 4529 ac
359 4464 571 4550 pulcherrima
586 4457 728 4550 quaeque
751 4483 793 4525 ex
808 4463 1051 4527 clarissimorum
1067 4462 1263 4545 ingeniorum
1284 4463 1493 4526 monumentis
1514 4463 1691 4526 redundent
1713 4465 1745 4527 iu
1768 4483 1858 4526 suam
1875 4459 1998 4524 dicendi
2020 4463 2159 4526 scriben-

300 4569 394 4654 dique
416 4567 580 4630 rationem.

376 4697 383 4709 ·
406 4670 480 4734 Non
502 4675 608 4733 tamen
630 4668 814 4732 Sallustium
836 4667 946 4748 solum,
969 4666 1024 4730 sed
1047 4667 1143 4748 etiarn
1166 4667 1298 4730 aliorum
1320 4668 1505 4752 scriptorum
1528 4665 1737 4750 digressiones
1758 4669 1897 4753 sequitur
1921 4675 1952 4732 ct
1967 4670 2092 4752 singula
2115 4689 2155 4729 ex

300 4777 338 4839 iis
360 4775 525 4860 depromit.
572 4771 688 4836 Confer
711 4771 864 4853 Caesaris,
902 4789 994 4856 quern
1017 4770 1124 4834 Germ.
1150 4791 1175 4833 c.
1208 4773 1248 4833 28
1287 4790 1443 4834 summum
1473 4774 1634 4832 auctorem
1668 4772 1818 4853 nominat,
1859 4771 1889 4835 b.
1914 4772 1953 4836 G.
1977 4771 2018 4850 11,
2043 4773 2063 4833 4
2087 4791 2158 4832 cum

301 4878 490 4942 Germaniae
514 4897 540 4940 e.
564 4877 583 4938 2
608 4875 646 4939 de
669 4875 790 4960 origine
813 4873 1062 4954 Germanorum
1100 4873 1157 4954 IV,
1183 4877 1196 4936 1
1223 4893 1248 4936 e.
1273 4876 1292 4936 4
1316 4871 1355 4936 de
1378 4873 1488 4938 habitu
1510 4893 1693 4958 corporum,
1732 4875 1789 4956 ll',
1813 4877 1843 4957 2,
1867 4897 1935 4960 cap.
1959 4877 1978 4936 6
2002 4873 2157 4936 derebus

300 4981 503 5062 militaribus;
537 4979 595 5062 VI,
629 4981 681 5060 23,
705 4999 731 5041 c.
758 4979 797 5041 12
820 4977 859 5041 de
882 4975 1074 5062 principibus
1097 4975 1361 5058 consultantibus3
1395 4975 1452 5060 Vl,
1476 4979 1513 5040 21
1539 4979 1698 5048 c.Ger1n‚
1726 4981 1763 5042 17
1788 4979 1828 5042 dc
1861 4978 2054 5042 vestimentis
2079 4977 2159 5042 Gor-

404 5249 428 5319 ¹}
447 5255 558 5316 Quintil.
578 5253 718 5322 lx,3,17.
753 5251 1298 5320 ²)Quiuti1.1x,s‚1astreseonrrov
1324 5251 1486 5319 tapete,
1509 5253 1547 5306 16.
1585 5251 1608 5322 ³)
1628 5251 1734 5304 Gellius
1746 5253 1776 5303 N.
1791 5255 1822 5306 A.
1841 5248 1890 5320 IV,
1914 5254 1951 5321 15,
1975 5255 1996 5307 1.
2016 5251 2038 5319 Ι,
2055 5253 2091 5318 15,
2112 5249 2143 5298 18
