4960 6110
1224 628 1245 698 8

407 824 503 888 Guius
526 843 568 886 ex
590 825 742 887 relatione
767 823 914 908 quoniam
937 823 1080 887 ridemus
1104 845 1175 888 cum
1199 825 1343 890 Tacitum
1365 811 1405 890 ad
1430 828 1604 892 Germanos
1634 829 1855 894 describendos
1877 833 1975 896 multa
1998 833 2161 920 depromp-

303 930 391 1009 sisse,
415 935 482 990 tum
504 932 613 1011 poetas
636 927 716 1007 illos,
739 924 941 1012 quiquidem
963 929 1104 1011 gentium
1126 928 1308 993 Danubium
1331 937 1363 993 et
1385 938 1515 1016 pontum
1531 932 1681 995 euxinum
1704 953 1811 996 versus
1826 933 2036 998 habitantium
2058 957 2161 1001 mores

304 1033 484 1115 cultumque
507 1028 784 1111 adumbraverunt,
810 1031 908 1092 multa
931 1030 962 1092 in
985 1051 1075 1093 suurn
1099 1034 1290 1096 convertisse
1312 1055 1414 1116 usum,
1451 1036 1537 1099 nullo
1560 1035 1652 1099 modo
1676 1037 1788 1120 negari
1810 1043 1922 1120 potest,
1953 1041 2070 1123 primos
2092 1042 2162 1104 illos

303 1135 404 1200 fontes
428 1152 545 1213 earum,
569 1151 649 1217 quae
672 1131 823 1194 orientem
845 1152 954 1196 versus
977 1133 1068 1196 sedes
1085 1135 1254 1217 habebant,
1278 1157 1498 1221 germanarum
1513 1140 1676 1202 nationum
1691 1160 1793 1202 mores
1818 1143 1971 1227 copiosius
1994 1142 2162 1209 tradidisse

225 1265 232 1286 ν
303 1245 398 1324 atque
420 1257 587 1317 narrasse;
625 1255 726 1319 neque
750 1235 832 1297 enim
855 1243 909 1298 aut
930 1257 1037 1300 rerum
1069 1239 1211 1322 scriptori
1245 1242 1439 1304 narrationes
1462 1242 1501 1304 de
1524 1243 1594 1305 aliis
1618 1242 1773 1326 gentibus,
1808 1243 1847 1306 de
1871 1245 1961 1308 Getis
1983 1251 2015 1308 et
2037 1245 2162 1330 Scythis

302 1341 433 1407 traditas
456 1342 488 1403 in
511 1339 741 1402 Germanorum
763 1359 864 1402 mores
888 1340 1067 1424 victumque
1101 1340 1323 1404 describendos
1346 1349 1479 1424 vertere,
1518 1349 1572 1406 aut
1604 1345 1666 1406 illis
1688 1346 1787 1428 poetis
1804 1345 2059 1432 „descriptionem
2082 1348 2162 1412 Ger·

302 1465 475 1525 manorum,
499 1443 551 1528 qui
575 1442 656 1514 aliis„
666 1444 700 1504 in
721 1442 911 1525 regionibus,
936 1444 1022 1506 velut
1045 1445 1077 1506 in
1099 1443 1204 1506 Rheni
1226 1445 1313 1528 ripis,
1344 1445 1433 1510 sedes
1456 1445 1625 1527 habebant,
1659 1448 1783 1531 poetica
1805 1454 1840 1511 ut
1862 1450 1949 1513 aiunt
1970 1452 2098 1514 licentia
2120 1451 2162 1516 ad

302 1557 423 1636 gentes,
446 1546 557 1633 quibus
581 1547 668 1632 ponti
690 1545 797 1608 euxini
819 1546 912 1608 litora
935 1546 1093 1609 domicilia
1116 1553 1216 1628 erant,
1239 1547 1382 1611 conferre
1405 1557 1499 1634 atque
1522 1569 1599 1612 vcra
1620 1570 1692 1612 cum
1714 1551 1801 1613 falsis
1819 1552 2012 1617 confundere
2034 1555 2159 1620 licebat.

302 1652 422 1727 Quibus
446 1670 486 1712 ex
509 1649 646 1711 fontibus
669 1655 704 1712 ut
726 1648 890 1712 haurirent
912 1669 983 1712 cum
1013 1649 1180 1733 singularis
1212 1655 1334 1712 tantum
1356 1671 1408 1714 ars
1431 1657 1525 1736 atque
1547 1653 1594 1715 vis
1629 1653 1798 1717 verborum
1819 1658 2106 1742 sententiarumque
2127 1663 2159 1720 et

302 1756 509 1840 Augustanae
531 1754 643 1816 aetatis
665 1759 828 1838 poetarum
852 1759 883 1816 et
905 1754 1066 1837 scriptoris
1090 1755 1229 1818 animum
1251 1755 1378 1818 allicere
1400 1761 1514 1838 posset,
1549 1757 1603 1840 qui
1620 1757 1701 1819 inter
1724 1777 1831 1820 omncs
1853 1761 1990 1823 maxhne
2013 1781 2088 1823 suus
2111 1765 2158 1823 est

301 1879 419 1944 suoque
442 1858 566 1942 ingenio
589 1856 686 1919 utitur
709 1856 740 1918 in
763 1854 987 1919 conformando
1004 1857 1153 1920 orationis
1176 1877 1302 1941 genere,
1326 1857 1594 1941 exscriptoribus,
1618 1859 1671 1944 qui
1692 1880 1742 1922 res
1758 1863 1954 1944 germanicas
1976 1864 2160 1947 attigerunt,

301 1963 323 2026 ii
346 1962 404 2024 soli
426 1961 458 2022 in
481 1959 696 2044 quaestionem
718 1957 852 2022 vocandi
874 1964 955 2039 sunt,
987 1959 1039 2043 qui
1062 1957 1190 2022 fuerrmt
1211 1961 1324 2022 summi
1345 1961 1465 2044 ingenii
1487 1965 1581 2046 atque
1605 1963 1680 2025 artis
1703 1963 1996 2030 excellentissimae.
2041 1965 2160 2047 Livius,

301 2063 431 2129 Asinius
452 2064 564 2142 Pollio,
588 2061 750 2126 Cornelius
772 2061 890 2146 Nepos,
913 2060 1079 2125 Sallustius
1101 2063 1192 2126 nobis
1215 2062 1426 2148 perlustrandi
1448 2071 1530 2126 sunt.

408 2169 437 2229 4.
483 2165 519 2228 Τ.
542 2165 668 2228 Livium
690 2165 889 2246 Patauinum,
918 2185 1052 2250 quocum
1073 2165 1195 2229 initium
1217 2166 1321 2229 iacere
1343 2167 1420 2229 mihi
1442 2167 1544 2248 liceat,
1568 2167 1708 2251 attigisse
1734 2166 1860 2253 quidem
1882 2188 1932 2230 res
1954 2169 2161 2252 germanicas,

301 2275 386 2333 certo
409 2268 618 2332 demonstrari
646 2276 748 2354 potest
771 2275 972 2354 argument03
1006 2287 1080 2330 nam
1109 2268 1256 2352 perioche
1279 2269 1352 2332 libri
1390 2270 1551 2332 centesimi
1585 2270 1688 2354 quarti
1711 2270 1789 2332 haec
1812 2269 1924 2333 hahet:
1966 2271 2068 2354 prima
2089 2291 2164 2356 pars

301 2371 374 2436 libri
396 2371 490 2434 situm
513 2370 703 2434 Germaniae
736 2391 900 2456 moresque
934 2371 1080 2433 continet.
1140 2369 1203 2434 Sed
1226 2372 1339 2455 opinio,
1377 2379 1486 2456 poetas
1509 2392 1550 2436 en
1573 2373 1628 2436 illo
1665 2381 1816 2458 tanquam
1837 2371 1923 2446 fonte
1946 2374 2163 2436 enarrationes

301 2495 373 2538 suae
398 2475 548 2554 hausisse,
571 2474 657 2537 nullo
680 2474 772 2538 modo
795 2475 871 2538 ferri
893 2479 1005 2559 potest.
1023 2474 1051 2559 ¹)
1097 2473 1206 2536 Livius
1229 2475 1312 2537 enim
1334 2481 1401 2538 tum
1424 2475 1550 2540 demum
1581 2475 1692 2561 (annis
1715 2477 1843 2540 27-25
1866 2497 1895 2539 a.
1919 2475 2008 2558 Chr.)
2021 2475 2046 2559 2)
2084 2497 2163 2562 opus

300 2597 392 2641 suum
414 2577 611 2640 conscribere
635 2585 792 2663 coeperat,
830 2599 900 2641 cum
922 2567 1095 2662 Vergilius
1122 2577 1240 2661 pariter
1273 2582 1367 2662 atque
1390 2577 1541 2642 Horatius
1575 2581 1715 2643 carmina
1752 2600 1809 2642 sua
1841 2579 1904 2642 iarn
1927 2585 2161 2664 composuerat;

301 2681 417 2746 librum
440 2681 622 2743 vicesimum
656 2685 800 2745 octavum
828 2679 954 2765 quidem
988 2680 1113 2764 scripsit
1143 2687 1214 2764 post
1237 2700 1353 2742 annum
1388 2680 1658 2766 undevigesimum
1670 2681 1695 2764 1)
1725 2689 1798 2745 ante
1822 2681 1998 2765 Christum;
2021 2688 2163 2746 mortuus

301 2791 409 2848 autem
430 2783 495 2846 iam
517 2789 585 2846 erat
606 2783 768 2868 Vergilius
790 2789 863 2846 ante
887 2783 971 2846 diem
992 2782 1194 2848 undecimum
1216 2781 1373 2846 Calendas
1396 2783 1584 2846 Novembris
1608 2785 1690 2848 illius
1713 2787 1796 2848 anni.
1808 2784 1833 2868 ⁴)

408 2885 519 2950 Priore
541 2891 681 2970 tempore
704 2906 798 2970 quam
820 2885 929 2948 Livius
952 2885 1081 2949 Asinius
1103 2885 1207 2949 Pollio
1242 2884 1398 2948 bellorum
1422 2887 1562 2950 civilium
1585 2888 1748 2950 historiam
1770 2889 1963 2974 conscripsit,
1999 2887 2109 2952 decem
2130 2893 2162 2951 et

301 2994 423 3075 septem
444 2989 541 3053 libros
572 2990 793 3070 continentem,
824 2988 992 3073 inquibus
1025 2985 1130 3050 Rheni
1152 2989 1341 3052 mentionem
1372 2989 1501 3053 fecerat.
1519 2991 1543 3073 ⁵)
1603 2989 1667 3054 Sed
1689 3011 1767 3075 opus
1801 2990 1889 3072 illud,
1927 2989 2010 3076 quod
2033 2991 2163 3054 summis

300 3091 447 3156 laudibus
461 3092 545 3177 apud
568 3092 689 3177 antiqui
711 3092 781 3154 aevi
804 3092 971 3175 scriptores
983 3090 1176 3154 celebratum
1198 3091 1293 3174 5516),
1317 3111 1418 3176 neque
1434 3097 1546 3176 poetae
1568 3113 1670 3178 neque
1682 3093 1809 3156 Tacitus
1832 3099 1906 3156 ante
1921 3094 2027 3157 oculos
2043 3091 2163 3156 habere

300 3201 479 3280 potuerunt,
503 3195 576 3279 quia
598 3195 676 3258 nihil
699 3199 766 3257 erat
788 3214 927 3276 caussae,
951 3192 1034 3279 quod
1049 3193 1176 3258 Asinius
1188 3193 1290 3278 Pollio
1314 3195 1346 3256 in
1368 3193 1522 3257 bellorum
1545 3195 1686 3258 civilium
1702 3193 1911 3282 descriptione
1927 3195 2160 3260 Germanorum

272 3349 276 3357 .
302 3303 413 3382 gentes
436 3295 477 3360 ad
499 3297 683 3361 Danubium
705 3296 881 3360 habitantes
904 3297 1081 3359 accuratius
1105 3295 1306 3359 describeret.

410 3399 473 3464 Sed
495 3421 535 3464 ne
558 3399 721 3465 Cornelius
744 3399 851 3485 Nepos
879 3399 1005 3484 quidem
1026 3399 1111 3461 illius
1134 3397 1359 3484 descriptionis,
1383 3420 1446 3485 qua
1468 3401 1516 3463 nsi
1538 3406 1611 3464 sunt
1633 3399 1796 3484 Horatius,
1828 3401 1999 3487 Vergilius,
2023 3401 2162 3482 Tacitus,

301 3509 410 3566 auctor
433 3504 528 3566 fuisse
550 3509 663 3589 potest.
708 3503 793 3566 Nam
829 3504 971 3589 quamvis
994 3503 1046 3565 ille
1081 3502 1329 3586 fragmentorum
1361 3503 1539 3566 testimonio
1570 3502 1609 3566 de
1632 3503 1803 3567 Germania
1840 3504 1905 3589 (frg
1926 3505 1966 3566 52
1990 3502 2100 3584 Roth),
2123 3502 2164 3566 de

301 3603 448 3669 Danubio
471 3606 535 3690 (irg
558 3609 623 3689 59),
646 3606 686 3670 55
709 3608 789 3670 mari
803 3607 927 3691 pontico
951 3605 1081 3690 (agac)
1105 3603 1296 3686 disseruerit,
1319 3609 1426 3668 tamen
1441 3603 1595 3688 Tacitum,
1618 3607 1722 3669 virum
1736 3607 1878 3670 veritatis
1892 3605 2163 3688 studiosissimum,

300 3711 334 3772 in
356 3711 449 3774 rebus
472 3709 658 3773 enarrandis
681 3709 866 3793 scriptorem
888 3707 980 3771 tanta
1008 3707 1201 3792 negligentia
1224 3711 1318 3793 atque
1341 3705 1538 3788 credulitate,
1552 3707 1577 3791 7)
1615 3710 1668 3794 qui
1691 3729 1814 3794 semper
1833 3709 1934 3793 jeiuni
1956 3707 2107 3794 quiddam
2130 3713 2163 3771 et

300 3813 384 3876 exile
407 3818 543 3876 sectatur
565 3833 667 3899 noque
690 3812 861 3900 quidquam
882 3809 980 3874 tradit
1003 3815 1129 3894 praeter
1151 3808 1269 3872 nudam
1292 3815 1478 3894 temporum,
1502 3811 1673 3893 hominum,
1689 3812 1850 3894 locorum,
1873 3832 1980 3876 rerum
2002 3817 2163 3896 gestarum

301 3917 454 3996 notitiam,
467 3913 494 3998 8)
516 3921 659 3979 secutum
681 3935 750 3979 esse
773 3913 892 3978 nemini
913 3918 1016 3998 potest
1038 3910 1232 3997 persuaderi.

409 4020 438 4082 5.
484 4017 603 4091 Quodsi
625 4019 688 4082 iam
720 4023 874 4081 statutum
896 4021 953 4096 est,
991 4015 1167 4099 exquibus
1191 4015 1328 4079 lontibus
1352 4021 1384 4078 et
1414 4021 1526 4100 poetae
1548 4021 1580 4078 et
1610 4035 1717 4080 rerum
1738 4016 1872 4100 scriptor
1894 4015 2077 4100 depromere
2099 4036 2163 4079 non

300 4121 468 4204 potuerint,
492 4120 531 4184 55
554 4120 712 4203 Sallustio,
746 4121 800 4208 qui
823 4139 905 4183 anno
928 4119 969 4181 35
993 4137 1021 4180 a.
1045 4115 1119 4181 Ohr.
1156 4124 1297 4182 mortuus
1321 4123 1378 4199 est,
1411 4116 1565 4181 disserere
1588 4123 1682 4203 atque
1713 4117 1874 4203 disputare
1897 4119 1986 4183 nobis
2008 4121 2164 4206 reliquum

301 4229 358 4287 est.
402 4223 485 4286 Eum
507 4222 547 4286 de
570 4224 737 4288 Germanis
759 4221 927 4286 tradidisse
950 4221 1037 4284 hisce
1060 4219 1181 4284 duobus
1205 4219 1425 4304 comprobatm
1449 4219 1643 4304 fragmentis.

408 4325 460 4390 Sic
483 4329 567 4390 enim
587 4325 663 4392 Sall.
686 4325 771 4389 Hist.
795 4325 854 4406 III,
878 4327 918 4388 57
942 4323 1079 4408 (Kritz):
1104 4322 1255 4387 Germani
1278 4323 1431 4386 intectum
1453 4322 1622 4386 renonibus
1645 4341 1757 4408 corpus
1780 4328 1904 4408 tegunt.

408 4433 502 4514 atque
524 4429 608 4494 Hist.
631 4430 690 4512 ΙΙΙ,
715 4432 775 4511 58;
799 4433 901 4492 restes
925 4427 965 4490 de
986 4426 1122 4513 pellibus
1145 4427 1315 4512 renonis⁹)
1338 4431 1500 4490 vocantur.

407 4531 496 4605 Quae
517 4531 697 4617 fragmenta
720 4532 861 4618 quamvis
884 4551 942 4616 per
962 4551 996 4593 se
1019 4550 1090 4593 eam
1111 4550 1174 4593 non
1197 4530 1336 4594 habeant
1358 4529 1431 4610 vim,
1454 4533 1490 4591 ut
1512 4527 1571 4590 boc
1596 4526 1681 4612 quod
1696 4525 1890 4612 suspicamur
1911 4526 2055 4612 probent,
2078 4528 2166 4592 haud

299 4655 412 4720 parum
434 4640 541 4697 tamen
562 4635 679 4717 valent,
709 4633 792 4720 quod
825 4655 888 4697 non
910 4635 1012 4698 solum
1035 4639 1066 4696 et
1090 4633 1272 4718 Vergilium
1294 4639 1325 4697 et
1358 4633 1501 4696 Tacitum
1524 4635 1557 4694 et
1592 4629 1779 4694 Sallustium
1801 4630 1909 4714 pelles,
1935 4629 2166 4694 Germanorum

300 4738 495 4820 vestimenta,
518 4739 813 4802 commemoravisse
850 4737 1064 4822 comprobant,
1103 4735 1279 4801 sedetiam
1304 4735 1487 4801 Sallustium
1522 4733 1676 4818 copiosius
1698 4731 1737 4796 de
1763 4731 1993 4797 Germanorum
2014 4733 2164 4815 moribus,

403 4957 1077 5028 ι11175155555555,5151515555.1211“.Η555,
1104 4955 1339 5023 5555151011.
1374 4957 1397 5024 ²)
1415 4955 1440 5012 I.
1462 4957 1502 5024 19,
1520 4955 1545 5012 3.
1587 4955 1878 5024 ³)xxvn1,12,12·
1923 4955 1948 5023 ⁴)
1967 4956 2065 5023 Heyne
2084 4955 2120 5005 55
2138 4971 2164 5006 a.

302 5045 342 5100 19.
360 5061 387 5096 ι.
406 5046 454 5098 Cb.
489 5047 512 5113 ⁵)
536 5033 1009 5114 81555511,3,3.Τ5ο55551555.
1031 5045 1088 5100 118.
1123 5042 1706 5116 1)Τ55.155.1,3458551550555511.
1754 5041 2165 5110 1)111515,Ρ551555.55111515

299 5133 441 5200 5111111.
465 5134 621 5200 Nipperdey
640 5149 665 5200 p.
691 5131 754 5184 XXI
773 5131 800 5183 fl.
835 5130 860 5200 8)
884 5131 1043 5198 Nipperdey
1066 5129 1178 5181 XXXIV
1198 5129 1225 5180 ff.
1261 5129 1284 5196 11)
1309 5131 1349 5182 De
1375 5131 1521 5180 renonibus
1545 5131 1611 5195 ipsis
1635 5127 1724 5182 Isidor
1751 5129 1850 5196 Origg.
1868 5127 1937 5195 xix,
1955 5127 1997 5194 23,
2025 5127 2086 5194 15-
2106 5127 2164 5183 662·

299 5218 384 5271 Lind:
411 5219 536 5270 11555555
559 5225 622 5270 5551
648 5217 785 5270 velamine
810 5217 981 5268 humerorum
1001 5223 1028 5268 et
1054 5217 1170 5283 pectoris
1195 5231 1280 5282 nsque
1307 5217 1344 5266 ad
1370 5217 1536 5282 umbilicum,
1566 5221 1647 5279 atque
1672 5215 1780 5265 intortis
1803 5213 1877 5264 511115
1900 5213 1968 5266 edes
2000 5213 2117 5282 bispida,
2134 5217 2166 5266 ut

300 5306 399 5357 imbres
417 5311 553 5370 55555551.
