4960 6110
1239 654 1259 722 9

1173 753 1326 763 ...ι-

312 907 393 974 quae
416 883 585 948 memoriae
620 877 744 964 prodita
767 883 849 958 sunt,
887 875 1064 938 narravisse
1088 874 1261 936 luculenter
1296 867 1465 933 ostendere
1488 864 1643 928 ridentur.
1698 861 1781 924 Nam
1804 859 1863 922 nisi
1885 855 2061 920 accuratius
2084 859 2178 938 atque

313 989 468 1075 copiosius
505 987 578 1048 illae
609 1003 659 1046 res
693 987 847 1043 tractatae
882 985 996 1059 essent,
1029 977 1163 1061 scriptor
1197 995 1298 1060 neque
1331 995 1406 1036 usus
1440 977 1522 1034 esset
1552 989 1589 1032 eo
1613 964 1766 1030 uocabulo
1800 963 1946 1026 inusitato
1991 980 2032 1022 ex
2055 958 2179 1022 Gallica

314 1095 423 1176 lingua
444 1087 564 1152 adscito
587 1103 689 1170 neque
712 1083 901 1146 sententiam
933 1081 1094 1165 explicare
1117 1081 1279 1164 potuisset.
1326 1077 1520 1160 Fragmenta
1550 1073 1643 1152 enim,
1677 1089 1757 1154 quae
1780 1067 1949 1146 attulimus,
1973 1085 2043 1126 cum
2066 1082 2177 1124 norem

315 1189 571 1258 antecedentibus
593 1187 750 1272 pertinent
781 1183 821 1247 ad
843 1183 1085 1267 descriptionem
1107 1183 1200 1246 Ponti
1223 1183 1243 1245 i.
1266 1201 1293 1245 e.
1322 1181 1416 1244 maris
1440 1177 1567 1263 pontici,
1593 1181 1809 1256 terrarumque
1832 1169 1916 1231 circa
1938 1166 2015 1230 illud
2037 1167 2178 1246 sitarum,

315 1317 411 1383 quam
446 1300 555 1358 auctor
578 1290 665 1376 operi
688 1310 744 1352 sno
767 1287 906 1350 inseruit.
968 1285 1048 1350 Eam
1071 1283 1299 1370 digressionem
1337 1284 1412 1346 satis
1435 1283 1554 1345 claram
1576 1285 1607 1344 et
1630 1278 1788 1361 copiosam
1810 1273 1906 1336 fuisse
1929 1270 2014 1356 apud
2037 1269 2179 1354 antiquos

315 1407 447 1464 testatur
477 1395 562 1460 Fest.
610 1393 752 1454 Avienus
784 1390 849 1453 Ora
885 1391 986 1452 marit.
1018 1411 1047 1450 u.
1072 1391 1113 1451 32
1138 1409 1225 1472 sqq:
1264 1387 1486 1471 Interrogasti,
1509 1385 1535 1447 si
1569 1389 1666 1462 tenes,
1702 1377 1849 1442 Maeotici
1883 1374 1975 1438 Sinus
2007 1374 2076 1458 quis
2099 1379 2181 1436 esset

320 1501 473 1587 aequoris.
520 1496 705 1560 Sallustium
728 1494 847 1557 Noram
870 1491 902 1555 id
926 1491 1059 1572 dedisse,
1084 1487 1168 1555 dicta
1191 1497 1222 1554 ct
1245 1493 1313 1553 eius
1339 1489 1483 1552 omnibus
1504 1485 1746 1550 Praeiudicatae
1768 1479 1962 1544 auctoritatis
1979 1477 2085 1540 ducier
2107 1476 2180 1540 Non

318 1603 506 1669 abnuebam.
553 1598 606 1663 Ad
630 1599 697 1661 eius
721 1597 818 1684 igitur
852 1596 993 1658 inclitam
1014 1595 1277 1680 Descriptionem,
1314 1613 1376 1677 qua
1398 1593 1537 1656 locorum
1566 1589 1733 1652 formulam
1756 1584 1991 1668 Imagincmque
2014 1602 2180 1666 expressor

316 1709 432 1772 efficax
456 1707 519 1768 stili
542 1703 584 1768 Et
606 1701 748 1765 raritatis
771 1719 872 1785 paene
896 1699 927 1761 in
950 1698 1076 1762 obtutus
1100 1697 1186 1760 dedit
1207 1697 1331 1781 Lepore
1354 1696 1492 1779 linguae,
1516 1694 1615 1756 multa
1649 1711 1755 1754 rerum
1778 1687 1935 1750 iunximus
1957 1685 2009 1748 Ex
2031 1685 2179 1770 plurimo·

315 1833 385 1876 rum
407 1815 532 1892 sumpta
555 1805 796 1870 commentariis.
841 1801 924 1866 llinc
948 1803 1042 1864 etiam
1066 1801 1263 1882 factumest,
1296 1806 1331 1861 ut
1354 1797 1551 1883 grammatici
1572 1793 1738 1874 interdum,
1761 1793 1816 1856 ubi
1831 1793 1914 1856 locos
1937 1809 1978 1852 eu
2000 1789 2059 1852 hac
2076 1789 2179 1874 operis

316 1913 499 1977 Sallustiani
522 1915 612 1995 parte
635 1907 782 1987 afferunt,
805 1927 867 1968 non
891 1904 1048 1967 Historias
1064 1903 1235 1982 nominant,
1262 1901 1319 1964 scd
1334 1901 1502 1965 uerborum
1525 1905 1685 1962 auctorem
1708 1895 1891 1960 Sallustium
1909 1891 1948 1955 de
1970 1893 2032 1955 situ
2048 1893 2178 1956 Pontico

317 2015 487 2100 (Porphyr.
512 2011 552 2076 ad
575 2011 683 2074 Horaz
707 2008 767 2072 Od.
797 2017 821 2088 l,
847 2011 896 2088 ll,
923 2009 975 2088 ts)
998 2007 1050 2070 uel
1072 2007 1104 2070 in
1126 2007 1187 2068 situ
1210 2005 1303 2068 Ponti
1328 2003 1423 2088 (Non.
1446 2003 1521 2085 ΧΠ,
1547 2006 1596 2066 18.
1619 2024 1650 2088 p.
1674 2003 1746 2080 524,
1769 1999 1830 2086 sq.)
1853 1997 1990 2062 laudent.

402 2117 505 2191 Quem
527 2121 634 2178 autem
657 2113 761 2176 locum
784 2111 863 2174 hacc
893 2109 931 2172 de
960 2109 1063 2173 Ponto
1087 2107 1257 2194 disputatio
1280 2111 1312 2174 iu
1352 2107 1501 2172 Historiis
1531 2105 1710 2188 obtinuerit,
1748 2127 1844 2192 quum
1866 2101 1981 2164 nullius
2003 2101 2179 2186 fragmento

318 2221 390 2284 libri
413 2225 543 2298 constet,
567 2237 669 2302 nequo
692 2215 789 2278 ullam
812 2214 1010 2298 grammatici
1034 2213 1101 2276 eius
1123 2213 1169 2276 rei
1194 2214 1386 2276 mentionem
1409 2211 1551 2292 iecerint,
1583 2211 1761 2274 coniectura
1778 2217 1900 2276 tantum
1923 2212 2047 2278 definiri
2069 2221 2180 2300 potest.

318 2323 494 2409 Aptissima
517 2321 641 2384 videtur
676 2319 820 2403 suspicio,
859 2338 953 2402 quam
984 2313 1124 2380 Kritaius
1147 2314 1187 2379 ad
1211 2315 1294 2380 IIist.
1319 2317 1376 2398 lll,
1415 2317 1455 2378 43
1480 2313 1648 2378 defendere
1682 2320 1811 2378 conatus
1834 2323 1890 2379 cst.
1935 2315 2105 2398 Gerlachii‚
2128 2319 2182 2403 qui

319 2433 425 2489 censet
449 2423 692 2509 descriptionem
716 2421 808 2484 Ponti
840 2422 935 2483 totius
965 2419 1041 2483 belli
1072 2418 1278 2483 Mithridatici
1300 2419 1471 2482 narrationi
1492 2419 1697 2504 praemissam
1719 2437 1798 2500 esse,
1822 2419 1966 2504 opinione
1988 2421 2115 2502 reiecta,
2138 2421 2183 2484 sie

318 2529 530 2592 continuarit:
573 2525 752 2606 ,Nimirum
774 2525 828 2588 illc
851 2545 912 2588 non
936 2523 1107 2587 secundum
1130 2523 1238 2585 ieiuna
1260 2521 1326 2586 ludi
1356 2523 1575 2608 magistromm
1594 2493 1764 2606 piaecepta
1786 2543 1863 2606 opus
1886 2543 1976 2586 suum
1998 2524 2182 2610 composuit,

319 2631 374 2694 sed
397 2637 619 2716 argumentum
644 2631 688 2692 ita
712 2628 871 2708 tractarit,
910 2627 998 2688 utin
1022 2647 1058 2688 eo
1096 2623 1291 2710 disponendo
1323 2627 1501 2689 naturalem
1534 2645 1639 2688 rerum
1667 2624 1811 2688 ordinem
1843 2631 2026 2711 sequeretur
2049 2646 2182 2712 eumque

319 2733 577 2819 digressionibus,
602 2731 716 2818 quibus
738 2731 873 2794 libenter
895 2735 927 2791 ct
949 2749 1099 2814 perquam
1135 2729 1238 2814 perito
1261 2729 1368 2810 utitur,
1397 2749 1460 2792 non
1482 2729 1733 2814 interrumperet,
1755 2729 1815 2793 nisi
1837 2729 1892 2792 ubi
1912 2751 1964 2794 res
1985 2733 2056 2814 ipsa
2077 2729 2110 2794 id
2132 2730 2183 2794 uel

319 2839 477 2923 flagitaret
499 2838 549 2900 rel
573 2833 816 2899 commendaret.
855 2831 947 2908 Quod
970 2833 1166 2914 attenuaris,
1191 2831 1457 2917 profectosenties
1479 2851 1581 2917 neque
1595 2833 1725 2894 ineunte
1747 2831 1830 2896 bello
1845 2832 2058 2897 Mithridatico
2080 2853 2195 2918 nequa.

238 3035 240 3042 Ι
318 2941 427 3026 primis
451 2941 516 3004 eius
539 2940 639 3018 annis,
663 2937 775 3022 quibus
798 2937 881 2999 circa
904 2933 1129 3020 Propontidem
1152 2941 1273 2998 tantum
1299 2939 1331 2997 et
1353 2935 1385 2997 in
1396 2933 1526 3020 Aegaeo
1549 2933 1818 3019 maripugnatum
1840 2941 1896 3018 est,
1920 2936 2034 3000 iustam
2055 2955 2202 3022 causam¹

319 3043 424 3124 fuisse,
448 3065 504 3106 cur
527 3041 694 3106 Sallustius
717 3059 822 3103 rerum
844 3039 954 3104 ordine
977 3038 1085 3100 relicto
1108 3037 1148 3100 ad
1171 3037 1264 3100 Ponti
1292 3037 1537 3122 descriptionem
1559 3037 1697 3102 animum
1719 3039 1902 3124 appelleret.
1948 3021 2011 3104 Sed
2033 3047 2067 3104 ut
2096 3043 2182 3126 prius

319 3145 351 3211 id
374 3147 479 3210 lacere
500 3167 564 3210 non
587 3146 663 3209 satis
686 3141 848 3207 commode
871 3143 983 3228 potuit,
1006 3141 1051 3204 ita
1074 3141 1353 3226 oportunissimam
1374 3139 1414 3204 de
1436 3141 1538 3204 Ponto
1554 3139 1734 3226 explicandi
1757 3144 1952 3208 occasionem
1974 3143 2084 3208 habuit
2105 3149 2182 3226 tum,

321 3271 417 3336 quum
446 3249 607 3330 Lucullus,
638 3247 822 3312 Mithridate
853 3268 893 3310 ex
921 3245 1000 3310 Asia
1022 3245 1122 3330 pulso,
1164 3245 1283 3308 bellum
1304 3245 1336 3306 in
1355 3244 1458 3329 ipsum
1479 3243 1645 3308 Ponticum
1667 3265 1800 3332 regnum
1822 3248 1991 3330 transtulit,
2012 3269 2183 3334 regemque

320 3352 392 3416 inde
414 3354 447 3416 in
468 3353 637 3416 remotiora
658 3371 695 3414 ae
729 3351 878 3415 interiora
900 3351 969 3413 loca
1001 3349 1212 3434 refugientem
1243 3369 1367 3412 summa
1388 3349 1420 3412 ri
1449 3353 1632 3432 persecutus
1655 3355 1710 3411 est.
1756 3347 1861 3424 Quare
1890 3351 1965 3414 satis
1986 3351 2184 3436 probabilem

319 3458 426 3520 locum
447 3455 634 3540 fragmentis
657 3453 718 3517 huc
741 3451 955 3540 spectantibus
973 3453 1151 3538 assignasse
1173 3473 1229 3515 nos
1252 3457 1407 3538 putamus.

421 3557 605 3640 Videamus,
628 3563 707 3644 quot
729 3563 908 3643 quantaque
931 3555 1105 3619 auriliaci
1134 3575 1210 3640 opes
1237 3553 1418 3618 Mithridati
1447 3553 1516 3640 regi
1538 3555 1569 3618 in
1592 3555 1651 3620 hoc
1674 3555 1757 3619 bello
1780 3576 1852 3620 eum
1873 3555 2025 3622 Romanis
2047 3557 2186 3643 gerendo

319 3663 445 3726 fuerint.
470 3699 509 3707 -
1326 3655 1333 3678 '

423 3763 505 3828 Socii
527 3764 611 3849 regis
643 3763 770 3826 fuerunt
801 3782 909 3826 omnes
931 3761 1051 3846 populi,
1075 3761 1127 3846 qui
1160 3762 1244 3825 circa
1272 3759 1421 3846 paludem
1443 3759 1644 3842 Maeotidem,
1667 3761 1809 3844 Tanaim,
1832 3763 1957 3846 Istrum,
1979 3763 2183 3850 Rhodopei'os

319 3875 441 3934 montes
471 3866 697 3950 habitabant.¹)
728 3867 813 3928 Inter
839 3885 916 3950 quos
943 3863 1130 3946 Bastarnae,
1154 3863 1314 3928 Germana
1336 3862 1442 3948 gend)
1464 3863 1710 3946 bellicosissima,
1734 3865 1883 3928 celebrati
1905 3872 1999 3952 atque
2021 3867 2053 3930 in
2076 3887 2183 3930 narra-

321 3973 456 4037 tionibus
479 3971 644 4050 bellorum,
679 3989 760 4055 quae
804 3988 875 4032 cum
896 3965 1080 4032 Mithridate
1102 3987 1178 4051 rege
1208 3973 1298 4052 gesta
1330 3973 1411 4048 sunt,
1440 3969 1624 4052 saepissime
1657 3969 1808 4053 appellati
1837 3975 1918 4032 sunt.
1964 3969 2059 4034 Graius
2081 3971 2128 4034 rei
2149 3977 2184 4034 ut

321 4077 452 4141 afferam
475 4075 666 4158 exemplum,
700 4071 874 4136 Bastarnae
898 4091 1006 4156 pugna
1030 4068 1071 4133 ad
1094 4068 1325 4134 Chalcedonam
1351 4071 1525 4153 commissa,
1547 4070 1587 4134 de
1610 4093 1672 4156 qua
1694 4071 1860 4136 Sallustius
1893 4071 1977 4136 Hist.
2000 4074 2042 4156 Π,
2066 4075 2117 4156 59,
2140 4076 2183 4138 60

322 4185 439 4263 narrat,
501 4177 716 4241 Romanorum
761 4175 883 4261 pedites
934 4178 965 4236 in
1021 4173 1129 4259 sugam
1179 4173 1343 4238 dederunt.
1415 4175 1528 4260 Neque
1580 4180 1682 4239 minus
1726 4167 1950 4262 praestiterunt
1998 4177 2118 4262 impetu
2150 4179 2182 4240 in

322 4289 448 4367 portum
481 4281 575 4360 lacto,
609 4279 664 4342 ubi
701 4279 812 4364 viginti
846 4279 959 4358 exiis,
994 4277 1047 4362 qui
1069 4277 1160 4362 primi
1188 4279 1384 4362 irruperant,
1413 4280 1511 4342 vitam
1533 4279 1714 4343 amiserunt.
1747 4279 1858 4364 ltaque
1880 4301 1976 4364 quum
1997 4279 2183 4364 Bastarnae,

322 4389 376 4471 qui
398 4385 460 4448 illis
474 4383 671 4469 temporibus
691 4381 830 4446 Danubii
845 4381 1001 4445 inferioris
1021 4381 1148 4444 accolae
1170 4386 1275 4462 erant,
1291 4381 1460 4466 plurimum
1474 4383 1631 4446 valuerint
1653 4389 1747 4468 atque
1763 4381 1915 4446 Romanis
1930 4384 2185 4468 perniciosissimi

324 4489 453 4570 luerint,
486 4491 550 4552 iam
591 4487 720 4550 dubium
765 4505 833 4548 esse
874 4485 952 4548 nulli
985 4488 1097 4570 potest,
1140 4483 1215 4570 quin
1259 4481 1426 4547 Sallustius
1465 4485 1559 4548 situm
1598 4487 1759 4571 ponticum
1791 4486 1973 4550 describens
2008 4488 2183 4552 accuratius

323 4611 376 4656 eos
399 4609 535 4676 *quoque
571 4589 874 4653 commemoraverit.
921 4587 978 4652 Est
1024 4587 1120 4672 igitur
1161 4585 1253 4650 valde
1283 4587 1447 4672 probabile
1493 4587 1686 4672 Sallustium,
1719 4590 1773 4676 qui
1805 4590 1885 4653 solet
1917 4588 1957 4654 de
1992 4597 2184 4656 remotarum

324 4695 467 4780 gentium
489 4694 617 4777 ingenio
639 4692 844 4778 moribusque
867 4711 1038 4776 exponere,
1061 4689 1099 4753 de
1112 4690 1206 4754 huius
1229 4693 1333 4776 gentis
1357 4711 1473 4776 genere
1489 4673 1584 4778 atque
1605 4693 1725 4777 origine
1740 4699 1887 4778 agentem
1908 4693 2089 4760 adiunxisse
2111 4696 2184 4760 huic

323 4797 526 4882 disputationi
584 4795 735 4859 nonnulla
779 4795 818 4858 de
864 4795 990 4858 illarum
1041 4792 1182 4878 gentium
1235 4795 1362 4880 ingenio
1413 4801 1444 4858 et
1487 4795 1636 4878 moribus,
1681 4817 1762 4882 quae
1805 4803 1892 4862 trans
1935 4798 2013 4862 illud
2066 4799 2189 4866 flumen

324 4903 466 4987 ostiaque
497 4919 607 4964 versus
630 4897 829 4964 habitabant.
867 4896 930 4960 Sed
952 4919 1049 4984 quum
1061 4896 1290 4962 Germanorum
1312 4899 1396 4962 natio
1418 4899 1488 4984 ipsa
1502 4901 1652 4964 latissime
1669 4907 1802 4987 pateret,
1824 4907 1956 4984 veteres,
1979 4922 2183 4992 quaecunque

325 5009 435 5088 gentes
469 5005 553 5068 ultra
588 5001 750 5083 Noricum,
786 5001 994 5083 Pannoniam,
1024 5001 1185 5086 Illyricum
1215 4999 1257 5064 ad
1290 5001 1474 5066 Danubium
1506 5023 1615 5068 uersus
1644 5004 1735 5069 sedes
1764 5005 1934 5088 habebant,
1961 5026 2015 5070 eas
2038 5009 2183 5074 universo

324 5104 553 5172 Germanorum
575 5108 700 5172 nomino
722 5104 986 5193 comprehendere
1008 5105 1168 5188 solebant,
1192 5105 1231 5168 cl.
1255 5103 1386 5190 Dionys.
1409 5105 1536 5193 Perieg.
1560 5129 1589 5172 v.
1613 5109 1676 5174 298
1699 5131 1766 5198 sqq.

431 5259 456 5328 t)
493 5265 606 5328 Appias.
631 5263 697 5318 bell.
723 5264 842 5317 Mithrid.
869 5281 891 5317 c.
914 5265 953 5330 lb,
972 5281 994 5316 c.
1018 5263 1060 5316 69.
1097 5262 1125 5330 2)
1162 5263 1254 5330 zenas,
1279 5263 1317 5316 tle
1342 5260 1478 5332 acutiam
1506 5265 1543 5319 bic
1562 5265 1816 5334 blodlmltcimmcp.
1847 5269 1901 5323 mr.
1938 5269 2182 5338 Brandes,l(elten

324 5347 379 5398 und
395 5348 546 5398 Germanou
565 5365 591 5412 p.
614 5351 656 5402 ll!
678 5365 717 5414 sq.
736 5366 762 5415 p.
782 5349 841 5416 212,
859 5351 884 5416 9,
907 5354 928 5404 1.
963 5351 991 5405 J.
1010 5353 1121 5417 Grimm,
1141 5351 1199 5404 liber
1218 5349 1371 5402 Jornantles
1389 5368 1415 5418 p.
1435 5353 1477 5407 50.
1496 5353 1632 5421 Dunclrar,
1651 5354 1745 5422 Origg·
1763 5355 1852 5407 Germ.
1878 5373 1905 5424 p.
1926 5355 1958 5414 02
1977 5373 2017 5424 sq.
